4117 6209
881 660 987 743 dl).
1012 664 1109 729 1481.
1689 661 1754 741 429

294 942 463 1022 Ricardus,
484 966 590 1009 cemes
626 944 815 1024 Sarisburie,
849 947 994 1010 existens
1026 947 1062 1009 in
1096 946 1244 1030 partibus
1277 946 1501 1009 transmarinis
1530 950 1565 1013 in
1596 949 1756 1013 comitiva

252 1029 378 1094 domini
400 1034 500 1115 regis,
521 1035 586 1096 init
609 1034 743 1097 seisitus
766 1039 828 1097 etc.
852 1033 893 1097 de
914 1036 1058 1099 manerio
1080 1034 1120 1097 de
1144 1035 1322 1102 Sounnvorv
1345 1054 1419 1097 cum
1442 1038 1653 1118 pertinenciis
1676 1038 1754 1115 suis,

250 1121 285 1178 et
299 1116 383 1180 illud
398 1121 584 1183 manerium
598 1140 674 1183 cum
690 1122 756 1183 suis
774 1122 986 1203 pertinenciis
1001 1124 1109 1185 tenuit
1126 1142 1183 1205 per
1199 1122 1370 1185 servicium
1387 1120 1577 1187 medietatis
1590 1124 1615 1209 j.
1633 1125 1656 1191 i.
1672 1146 1717 1189 m.

295 1280 460 1345 ‚Iohannes
482 1281 573 1345 Hille
596 1283 637 1345 de
661 1281 805 1365 Sparten
828 1284 861 1345 in
886 1284 1046 1346 comitatu
1069 1282 1260 1359 Somersete,
1282 1284 1434 1367 armiger,
1450 1283 1515 1348 fuit
1538 1286 1669 1348 seisitus
1690 1290 1752 1349 etc.

252 1368 292 1431 de
325 1370 470 1432 menenio
501 1370 541 1432 de
572 1370 748 1435 Lsnnnros
780 1392 854 1433 cum
888 1372 955 1433 suis
976 1372 1201 1453 pertinenciis,
1223 1378 1257 1433 et
1280 1370 1361 1433 iilud
1385 1374 1568 1435 manerium
1590 1393 1665 1435 cum
1689 1372 1755 1435 suis

252 1457 465 1538 pertinenciis
478 1458 584 1520 tenuit
601 1476 659 1541 per
674 1459 850 1521 servicium
865 1457 993 1521 decime
1009 1460 1111 1541 partis
1126 1459 1151 1545 j.
1170 1460 1192 1522 i.
1210 1479 1255 1523 m.

295 1619 493 1704 Margarets,
513 1620 639 1682 ducissa
662 1618 837 1700 Clarencie,
861 1620 927 1684 fuit
947 1622 1059 1685 seisita
1081 1622 1200 1685 stede
1223 1622 1367 1685 manerio
1388 1620 1429 1684 de
1452 1620 1570 1703 anns
1593 1621 1756 1688 Omnsrm

250 1727 326 1769 cum
356 1708 568 1790 pertinenciis
599 1708 676 1784 suis,
701 1713 736 1771 et
769 1707 852 1771 illud
885 1709 1069 1773 manerium
1101 1729 1176 1771 cum
1208 1709 1420 1792 pertinenciis
1457 1711 1523 1771 suis
1555 1710 1665 1773 tenuit
1699 1730 1757 1792 per

253 1796 427 1858 servicium
441 1800 555 1877 quarte
570 1795 674 1877 partis
688 1795 713 1880 j.
728 1794 751 1859 i.
768 1817 814 1861 m.

295 1956 467 2036 liebertus,
491 1958 643 2021 dominus
665 1958 704 2021 de
727 1959 959 2044 Pougmynges,
981 1960 1047 2023 iuit
1069 1960 1201 2023 seisitus
1223 1966 1287 2025 etc.
1303 1959 1343 2023 de
1364 1961 1519 2023 maneriis
1541 1959 1581 2023 de
1603 1958 1756 2025 Beruen-

252 2064 406 2111 nsrtrrou
443 2052 478 2107 et
517 2044 734 2113 Sessvucrorv
772 2068 846 2109 cum
885 2048 1095 2131 pertinenciis
1132 2050 1210 2125 suis,
1245 2054 1279 2111 et
1317 2047 1374 2111 illa
1404 2048 1549 2112 maneria
1583 2067 1657 2109 curn
1690 2048 1756 2109 suis

252 2133 466 2213 pertinenciis
481 2132 592 2195 tenuit
607 2154 664 2216 per
680 2134 856 2197 servicium
871 2135 1000 2198 decime
1015 2136 1118 2218 partis
1132 2135 1155 2220 j.
1172 2137 1195 2199 f.
1212 2156 1257 2200 m.

297 2294 481 2360 Willelmus
504 2294 670 2374 Bonevile,
692 2293 846 2375 chiveler,
863 2296 904 2358 de
925 2294 1024 2359 Shete
1047 2298 1082 2359 iu
1104 2297 1266 2359 comitatu
1288 2296 1432 2358 Devonie
1456 2295 1519 2357 fuit
1542 2294 1673 2358 seisitus
1694 2301 1756 2359 etc.

253 2381 295 2444 de
317 2384 460 2445 manerio
483 2381 524 2444 de
546 2383 723 2447 ansnsorv
745 2403 820 2445 cum
844 2384 1055 2465 pertinenciis
1078 2384 1156 2460 suis,
1189 2388 1223 2447 et
1256 2382 1339 2445 illud
1370 2384 1551 2447 manerium
1586 2402 1659 2445 cum
1691 2384 1757 2444 suis

254 2470 465 2551 pertinenciis
481 2471 593 2532 tenuit
610 2490 669 2552 per
684 2470 856 2533 servicium
871 2480 984 2555 quarte
999 2472 1103 2554 partis
1118 2472 1143 2556 j.
1160 2470 1182 2535 i.
1197 2492 1243 2535 m.

294 2632 470 2711 Johsnnes,
502 2652 608 2696 comes
641 2634 681 2696 de
713 2634 869 2698 Arundell
899 2636 934 2697 in
967 2636 1127 2697 comitatu
1159 2632 1322 2709 Sussexie,
1356 2633 1422 2694 fuit
1453 2632 1583 2695 seisitus
1617 2638 1679 2696 etc.
1716 2630 1757 2693 de

252 2722 397 2783 manerio
428 2724 469 2783 de
502 2720 707 2787 Ksrvussncn
741 2742 816 2785 cnm
849 2723 915 2785 suis
946 2722 1169 2804 pertinenciis,
1191 2728 1225 2784 et
1254 2720 1339 2783 illud
1370 2720 1553 2783 manerium
1585 2738 1658 2783 cum
1692 2718 1759 2783 suis

251 2809 459 2890 pertinenciis
476 2809 586 2870 tenuit
601 2828 659 2891 per
673 2810 845 2873 servicium
859 2818 974 2892 quarte
988 2811 1092 2893 partis
1108 2810 1132 2895 j.
1149 2808 1172 2873 f.
1188 2829 1233 2873 m.

294 2969 472 3050 Johsnnes,
488 2991 594 3035 eomes
611 2971 876 3057 Huntyngtcnie‚
892 2972 956 3035 fuit
973 2974 1104 3037 seisitus
1119 2980 1182 3037 etc.
1201 2972 1240 3036 de
1254 2972 1400 3035 manerio
1422 2971 1462 3035 de
1477 2970 1577 3037 Wssr
1599 2971 1758 3036 Lvnsonn

252 3077 324 3120 cunr
359 3058 570 3140 pertinenciis
602 3060 681 3137 suis,
716 3068 749 3122 et
781 3060 863 3122 illud
896 3063 1077 3123 manerium
1109 3080 1183 3123 cum
1218 3061 1284 3123 suis
1321 3059 1528 3142 pertinenciis
1560 3059 1667 3121 tenuit
1702 3078 1758 3141 per

251 3146 422 3208 servicium
438 3156 551 3229 quarte
567 3147 669 3229 partis
685 3146 710 3230 j.
728 3146 752 3212 i.
768 3168 813 3211 m.

295 3307 491 3384 willelmus,
516 3309 667 3371 dominus
690 3309 730 3371 de
754 3308 890 3388 Scuche,
906 3310 972 3372 fuit
994 3311 1124 3373 seisitus
1146 3314 1209 3373 etc.
1226 3309 1266 3371 de
1289 3308 1434 3370 manerio
1456 3305 1497 3369 de
1520 3306 1647 3373 Cissus
1669 3305 1758 3371 Gens

252 3414 327 3456 cum
361 3396 683 3476 pertinenciissuis,
716 3406 751 3458 et
781 3396 863 3459 iilud
895 3400 1077 3460 manerium
1111 3417 1186 3459 curn
1219 3396 1285 3457 suis
1317 3394 1530 3477 pertinenciis
1562 3392 1670 3456 tenuit
1702 3413 1759 3476 per

253 3482 429 3545 servicium
444 3488 559 3564 quarte
576 3484 678 3566 partis
692 3483 717 3567 j.
733 3485 755 3547 i.
772 3505 818 3548 m.

295 3640 499 3720 Elisabetha,
522 3641 655 3705 domina
677 3643 717 3705 de
740 3642 916 3721 Botreaur,
938 3642 979 3705 de
1001 3643 1123 3706 'serent
1145 3642 1255 3724 Abbey
1280 3643 1313 3703 in
1337 3642 1499 3704 comitatu
1523 3640 1671 3719 Derceto,
1692 3638 1756 3702 fuit

253 3730 364 3792 seisita
396 3735 460 3791 etc.
492 3729 532 3791 de
564 3731 707 3792 manerio
741 3729 781 3793 de
814 3730 932 3795 Nonrs
964 3730 1122 3797 Osnsnnv
1153 3750 1228 3792 cum
1261 3728 1328 3791 suis
1359 3728 1581 3811 pertinenciis,
1605 3733 1639 3790 et
1672 3726 1757 3789 iliud

252 3816 434 3879 manerium
451 3836 526 3879 cum
542 3817 609 3879 suis
624 3818 834 3899 pertinenciis
851 3818 958 3880 tenuit
973 3838 1031 3901 per
1047 3818 1214 3881 servicium
1231 3822 1345 3901 quarte
1361 3817 1463 3899 partis
1478 3816 1501 3899 j.
1518 3815 1541 3879 f.
1559 3836 1604 3878 m.

295 3976 467 4056 Walterus,
483 3978 635 4040 dominus
650 3978 692 4041 de
708 3977 930 4063 Hungeriord,
944 3978 1096 4057 chivaler,
1112 3978 1152 4041 de
1169 3978 1330 4063 Ferieygh
1346 3978 1379 4041 in
1396 3978 1557 4040 comitatu
1573 3974 1756 4039 Somersete

253 4064 318 4126 tuit
351 4066 483 4127 seisitus
516 4072 580 4129 etc.
616 4066 657 4129 de
688 4067 843 4129 maneriis
874 4066 915 4130 de
948 4067 1132 4132 Msrssrort
1166 4074 1201 4129 et
1237 4066 1349 4133 Soura
1372 4066 1529 4131 Crnsunr
1550 4084 1623 4125 cum
1645 4083 1756 4127 eorum

251 4152 483 4301 pertrippenciipi,⁸
498 4152 613 4325 {tilii
634 4155 780 4216 maneria
800 4174 875 4218 curn
899 4174 1009 4217 eorum
1039 4154 1252 4237 pertinenciis
1285 4159 1461 4218 tenuerunt
1492 4171 1549 4234 per
1584 4151 1756 4213 servicium

252 4258 315 4323 qua
358 4259 439 4322 ,par
515 4286 522 4303 .
554 4288 562 4304 .
615 4289 624 4305 .

297 4400 587 4489 hwmmm.

696 4858 933 4947 [Huunnsnurr
956 4884 1000 4928 ns
1024 4858 1327 4947 KARAMPTON]

294 5021 472 5104 Inquisicio
493 5029 588 5104 capta
611 5021 696 5104 apud
722 5021 949 5086 Yevelchestre
971 5026 1006 5086 in
1028 5024 1192 5086 comitatu
1216 5020 1397 5088 Somerscte
1420 5018 1474 5081 die
1497 5019 1589 5082 Lune
1610 5018 1758 5102 proxima

250 5115 327 5172 ante
350 5110 469 5171 testum
493 5106 604 5170 Sancti
628 5108 817 5189 Clementis,
840 5131 935 5194 pape,
959 5131 1043 5173 anno
1065 5111 1159 5195 regni
1182 5110 1268 5193 regis
1295 5107 1428 5169 chrici
1463 5108 1544 5169 sexti
1576 5112 1650 5190 post
1681 5125 1757 5167 con-

251 5201 404 5279 questum
426 5197 551 5258 decimo
574 5216 682 5258 coram
704 5197 829 5260 Thema
851 5198 993 5277 Stovell,
1015 5198 1135 5275 milite,
1157 5195 1307 5260 iohanne
1341 5195 1509 5271 Stourtcn‚
1536 5199 1571 5257 et
1592 5192 1759 5259 Willelmo

250 5281 383 5360 Powlet,
411 5283 698 5346 commissionariis
729 5285 855 5347 domini
889 5287 987 5369 regis,
1022 5287 1145 5348 virtute
1179 5283 1364 5347 litterarum
1399 5280 1587 5363 patcncium
1610 5281 1758 5365 ejusdem

249 5370 373 5433 domini
395 5371 482 5453 regis
503 5370 627 5432 eisdem
642 5370 839 5435 directarum
856 5380 891 5436 et
906 5371 982 5435 huic
996 5373 1205 5457 inquisicioni
1221 5389 1432 5448 annexarum,
1448 5387 1505 5450 per
1521 5374 1757 5431 sacramentum

250 5455 409 5523 willelmi
442 5454 658 5537 Cloutesham,
689 5456 826 5523 Roberti
855 5459 991 5546 Kyrene,
1019 5460 1180 5525 Johsnnis
1214 5455 1409 5541 liamclyne,
1442 5454 1563 5519 Thome
1597 5454 1755 5537 Tenuere,
