4117 6209
326 621 367 685 76
855 620 1307 688 NORTHUMBERLAND.

373 905 414 967 Et
441 904 482 969 de
506 906 583 971 xls.
609 906 746 989 receptis
769 928 826 990 pro
848 906 874 991 j.
890 909 915 973 f.
934 929 979 974 m.
1008 908 1051 971 de
1077 908 1223 973 Garardo
1248 908 1289 972 de
1315 908 1552 991 Wedryngton‚
1577 912 1617 971 ut
1642 908 1678 971 in
1694 908 1773 973 villa
1789 909 1850 987 de,

329 994 576 1073 lllnnnsscrou,
593 993 729 1073 Dauus,
745 995 892 1059 membro
908 1016 977 1073 suo,
995 1003 1031 1061 et
1054 996 1235 1060 medietate
1251 996 1291 1060 de
1307 997 1506 1075 Boaoanou,
1522 1016 1586 1079 que
1608 1000 1763 1060 tenentur
1789 997 1831 1061 de

331 1080 470 1143 Henrico
485 1080 594 1163 Scrop‚
609 1088 647 1145 ut
663 1081 702 1145 de
718 1081 851 1146 baronia
866 1084 907 1147 de
922 1083 1092 1148 Whalton.

372 1216 416 1278 Et
431 1216 472 1279 de
487 1218 563 1283 xla.
580 1220 718 1301 receptis
734 1240 792 1303 pro
806 1220 830 1305 j.
847 1219 870 1284 f.
886 1241 931 1285 m.
948 1220 988 1284 de
1004 1218 1200 1284 tenentibus
1216 1224 1296 1282 tunc
1311 1218 1392 1303 ipsis
1407 1218 1559 1283 villarum
1581 1219 1623 1282 de
1646 1220 1831 1286 Bnasraoou

327 1307 362 1366 et
387 1304 578 1385 Bneuerou,
607 1327 670 1389 quc
698 1312 855 1370 tenentur
877 1308 917 1371 de
946 1307 1091 1372 Henrico
1113 1308 1155 1371 de
1181 1306 1294 1391 Percy‚
1309 1313 1348 1370 ut
1369 1307 1410 1370 de
1433 1305 1573 1389 parcella
1595 1306 1684 1387 feodi
1700 1309 1831 1371 comitis
1961 1362 1971 1377 ,

327 1390 472 1454 Patricii.

368 1529 418 1592 De
441 1530 584 1595 exitibus
609 1531 778 1596 feodorum
801 1553 857 1596 seu
884 1532 1096 1616 percellamm
1122 1531 1289 1597 feodorum
1315 1532 1357 1595 de
1372 1532 1467 1595 terrie
1482 1538 1515 1596 et
1530 1533 1728 1597 tenementis
1742 1532 1831 1596 infra

326 1617 511 1682 libertatem
526 1618 640 1702 Tynby
656 1621 690 1681 in
706 1621 904 1702 possessione
920 1621 1036 1705 prioris
1051 1621 1092 1684 de
1107 1620 1222 1703 Tynby
1236 1639 1302 1683 non
1318 1619 1503 1703 respondet,
1515 1640 1553 1682 eo
1568 1620 1654 1703 quod
1669 1619 1830 1683 Robertns

324 1705 363 1767 de
388 1704 562 1789 Estlynton
590 1712 625 1769 et
650 1707 842 1771 Edmundus
868 1708 909 1771 de
941 1708 1137 1787 Crauoestre,
1167 1708 1352 1771 collectores
1382 1707 1562 1770 consimilis
1590 1708 1719 1786 auxilii,
1750 1713 1828 1771 ante

324 1793 435 1855 datam
458 1794 695 1858 commissionis
718 1794 838 1859 habent
864 1796 957 1859 breve
983 1797 1022 1859 de
1048 1797 1255 1879 supersedeas
1281 1795 1323 1857 ad
1349 1795 1625 1877 supersedendum
1654 1815 1757 1877 usque
1786 1795 1828 1858 ad

324 1880 507 1962 proximum
523 1892 715 1965 compotum
731 1882 770 1945 de
785 1884 935 1947 omnibus
952 1883 1038 1946 villis
1053 1885 1218 1947 contentis
1233 1884 1268 1946 in
1284 1882 1373 1945 dicto
1390 1882 1493 1946 feodo.

554 2042 734 2107 Feodorum
762 2044 942 2109 levaturum
972 2065 1030 2128 per
1059 2045 1237 2109 Robertum
1260 2044 1302 2107 de
1326 2043 1622 2127 Eatlyntont—xx.
1652 2044 1675 2110 f.
1699 2048 1734 2108 et
1763 2043 1828 2107 due

364 2128 498 2193 Summa
641 2136 747 2214 partes
761 2131 785 2217 j.
802 2131 824 2196 f.
1143 2192 1149 2204 .

554 2216 766 2281 Denariorum
780 2219 1003 2302 predictorum
1019 2220 1189 2284 feodorum
1199 2218 1340 2305 z-xlj.l.
1359 2218 1434 2301 vj.s.
1450 2217 1562 2301 viij.d.

366 2479 529 2543 Particule
552 2482 696 2563 compoti
723 2481 889 2544 Edmundi
916 2482 957 2545 de
983 2480 1181 2560 (itancestre,
1195 2484 1292 2545 unius
1317 2481 1502 2545 collectoris
1528 2483 1595 2560 (sic)
1621 2480 1827 2543 racionabilis

321 2567 435 2629 auxilii
450 2568 576 2631 domini
591 2569 676 2652 regis
691 2570 848 2633 concessit
866 2573 934 2648 (sic)
953 2572 987 2632 in
1004 2570 1164 2633 comitatu
1180 2568 1415 2633 Northumbrie
1429 2588 1515 2632 anno
1530 2574 1592 2633 etc.
1610 2569 1772 2632 vicesimo.

364 2706 460 2769 Idem
483 2705 656 2789 respondet
679 2707 720 2769 da
746 2727 805 2770 cs.
832 2709 970 2791 receptis
997 2728 1056 2791 pro
1079 2708 1116 2791 ij.
1132 2706 1156 2773 f.
1172 2712 1208 2772 et
1222 2708 1268 2773 di.
1285 2728 1330 2772 m.
1354 2706 1396 2770 de
1412 2705 1578 2771 Willelmo
1593 2705 1634 2769 de
1649 2703 1824 2789 Greystok‚

323 2793 557 2945 Angliiffs’hleaetis
572 2794 613 2857 de
628 2814 702 2879 rege
718 2794 770 2860 i.c.
787 2801 825 2858 ut
839 2796 880 2859 de
897 2796 1075 2859 medietate
1091 2796 1220 2859 baronia
1234 2797 1275 2859 de
1290 2793 1415 2858 Bolbek
1437 2814 1495 2877 per
1517 2813 1631 2856 manns
1658 2791 1825 2856 Edmundi

365 3019 407 3082 Et
424 3019 463 3083 dc
478 3020 555 3085 xls.
572 3021 709 3103 receptis
724 3041 781 3103 pro
793 3020 819 3103 j.
835 3018 859 3086 f.
877 3042 922 3086 m.
939 3020 979 3085 dc
994 3019 1120 3084 Thoma
1134 3019 1276 3104 Turpine
1290 3025 1328 3082 ut
1347 3020 1382 3082 in
1398 3018 1485 3081 villis
1506 3017 1548 3081 de
1563 3017 1823 3096 Wmtuflassan,

323 3107 516 3170 Houunsou
541 3112 573 3170 et
598 3106 818 3188 WALffluTON,
849 3129 912 3191 que
941 3112 1076 3172 tenetur
1104 3108 1144 3172 de
1173 3107 1321 3191 predicto
1346 3105 1524 3188 Willelmo,
1547 3112 1585 3168 ut
1614 3105 1655 3167 de
1685 3104 1824 3189 parcella

321 3195 450 3257 baronie
466 3195 624 3278 predicte,
640 3208 703 3261 etc.

363 3334 406 3396 Et
427 3334 526 3399 dcxl.
548 3354 647 3417 apro
673 3336 697 3421 j
726 3336 749 3400 f.
780 3357 825 3401 m.
857 3355 913 3418 per
943 3334 1230 3398 manutenenciam
1260 3333 1338 3397 ville
1363 3333 1403 3395 de
1427 3332 1555 3397 Bunou
1582 3351 1639 3413 pro
1668 3331 1746 3396 villa
1780 3332 1821 3394 de

321 3422 458 3491 Wrnrou
478 3424 559 3501 (sic),
572 3443 635 3505 que
652 3428 784 3503 tenetur
799 3423 839 3486 de
854 3424 986 3486 baronia
1001 3422 1042 3485 de
1057 3422 1172 3504 Vescy.

363 3556 405 3617 Et
432 3556 472 3619 de
498 3555 574 3619 xl.s.
600 3556 694 3641 proj.
711 3557 735 3623 f.
753 3579 797 3623 m.
824 3556 910 3640 qnod
937 3556 1079 3619 Thomas
1095 3554 1184 3637 Grey
1207 3558 1301 3617 tenet
1326 3554 1360 3615 in
1387 3552 1521 3616 Howrn
1546 3572 1603 3634 per
1619 3552 1765 3615 medium
1781 3552 1822 3614 de

320 3642 451 3707 baronia
467 3643 506 3706 de
522 3642 634 3727 Vescy.

362 3778 406 3841 Et
421 3779 461 3842 de
478 3799 563 3845 xus.
581 3781 615 3841 in
635 3785 759 3861 partem
775 3780 950 3843 solucionis
965 3779 1005 3841 de
1020 3779 1097 3843 xla.
1112 3799 1171 3862 pro
1188 3778 1216 3860 j.
1235 3778 1258 3844 f.
1276 3798 1320 3842 m.
1336 3774 1422 3859 quod
1437 3772 1621 3837 Willelmus
1636 3774 1678 3837 de
1694 3773 1821 3839 Rodum

319 3872 411 3929 tenet
429 3867 462 3928 in
479 3866 585 3931 ersn
602 3866 792 3932 Houesrou
810 3867 851 3929 de
867 3867 1000 3930 baronia
1015 3866 1056 3929 de
1069 3865 1173 3949 Vescy
1188 3886 1246 3948 per
1260 3863 1418 3928 medium.

362 4004 404 4067 Et
431 4003 472 4065 de
499 4023 582 4069 κω.
610 4024 668 4086 pro
695 4005 739 4068 di.
760 4005 782 4071 f.
800 4028 845 4071 m.
867 4006 953 4087 quod
980 4004 1172 4068 Edmundus
1198 4004 1240 4067 de
1264 4004 1473 4068 Crauucestre
1497 4007 1589 4065 tenet
1614 4001 1649 4064 in
1674 4000 1753 4067 villa
1779 4001 1820 4065 dc

318 4094 555 4159 Oaauocnsran
570 4091 611 4153 de
628 4090 710 4155 duce
727 4092 914 4156 Lancastrie
930 4097 968 4157 ut
983 4093 1024 4157 de
1039 4092 1173 4155 baronia
1187 4090 1346 4155 Johannis
1360 4089 1517 4154 Vecount.

360 4219 406 4282 Et
420 4219 460 4282 de
475 4219 551 4285 xla.
568 4240 625 4303 pro
636 4219 662 4303 j.
674 4219 695 4282 f.
707 4243 752 4287 m.
764 4223 849 4306 quod
864 4223 1032 4287 Johannes
1047 4223 1086 4286 dc
1103 4222 1303 4305 St(r)evelyn
1319 4227 1407 4285 tenet
1423 4222 1459 4283 in
1470 4220 1608 4287 Buarou
1621 4226 1656 4283 et
1667 4219 1818 4284 Passrou

316 4329 372 4392 pro
387 4306 564 4369 medietate
580 4308 619 4370 de
638 4308 844 4376 Sunaunwrn
857 4332 914 4394 per
930 4312 1076 4375 medium
1091 4311 1131 4374 de
1145 4311 1277 4373 baronia
1292 4310 1333 4372 de
1347 4308 1461 4391 Vescy.

360 4444 402 4506 Et
418 4443 456 4505 de
471 4442 548 4507 xla.
567 4463 623 4525 pro
635 4442 661 4526 j.
678 4443 700 4505 f.
717 4465 760 4509 m.
777 4444 864 4527 quod
881 4445 1042 4509 Henricus
1056 4448 1095 4510 de
1111 4445 1265 4529 Horsleye
1279 4450 1372 4509 tenet
1388 4446 1422 4506 in
1438 4442 1517 4506 villa
1532 4442 1572 4506 de
1588 4442 1762 4508 Uaonsrnn
1777 4440 1817 4503 de

316 4532 446 4595 baronia
461 4529 502 4592 de
517 4528 748 4594 Muschaunce.
926 4524 932 4535 ’

357 4666 402 4729 Et
417 4666 457 4729 de
472 4688 535 4731 ω.
553 4688 611 4750 pro
626 4675 740 4753 quarta
755 4675 847 4753 parte
874 4670 897 4756 j
915 4670 936 4735 f.
953 4692 998 4737 m.
1023 4692 1088 4755 que
1113 4672 1269 4736 Ricardus
1292 4672 1332 4735 de
1356 4668 1499 4733 Doxford
1524 4672 1558 4731 et
1584 4666 1641 4730 alii
1667 4668 1816 4728 tenentes

314 4756 427 4816 tenent
441 4754 477 4816 in
492 4753 571 4817 villa
587 4757 627 4821 de
644 4756 809 4819 Doxsoan
824 4756 864 4819 de
880 4758 1011 4822 baronia
1026 4760 1065 4823 de
1081 4758 1228 4843 Kauuge.

358 4896 402 4957 Et
417 4894 456 4957 de
472 4896 562 4981 xij.a.
579 4894 663 4979 rja.
691 4916 749 4978 pro
763 4896 839 4981 iiije
861 4904 952 4979 parte
978 4904 1010 4959 et
1035 4899 1104 4981 xvj·
1125 4903 1217 4981 parta
1243 4897 1267 4983 j.
1282 4896 1306 4960 f.
1322 4918 1367 4961 m.
1393 4914 1456 4978 que
1480 4890 1642 4956 Johannes
1667 4887 1817 4973 Dychent

313 4988 402 5047 tenet
416 4984 450 5046 in
468 4984 544 5047 villa
559 4984 600 5047 de
617 4984 776 5049 Dscrraun
791 4986 832 5047 de
849 4984 980 5048 baronis
994 4987 1035 5048 de
1049 4986 1280 5050 Muschaunce.

354 5122 397 5186 Et
412 5121 452 5185 de
468 5143 532 5187 rna.
550 5142 607 5206 pro
622 5120 696 5207 iiij‘·
718 5128 810 5205 parte
826 5123 849 5209 j.
866 5123 890 5189 t'.
907 5144 952 5189 m.
977 5144 1042 5207 que
1067 5122 1233 5188 Johannes
1256 5120 1433 5185 Houbourn
1456 5122 1548 5181 tenet
1572 5117 1606 5186 in
1635 5114 1815 5193 Houauau,

313 5214 350 5273 nt
364 5210 404 5274 de
419 5208 553 5273 baronia
569 5210 609 5273 dc
625 5208 854 5276 Muschaunce.

354 5345 398 5409 Et
422 5345 461 5409 de
491 5345 567 5413 xis.
596 5366 652 5428 pro
678 5346 704 5433 j.
733 5348 755 5412 f.
782 5369 826 5413 m.
852 5346 939 5431 qnod
968 5345 1111 5410 Thomas
1141 5344 1227 5427 Grey
1252 5348 1344 5408 tenet
1367 5342 1402 5405 in
1430 5339 1516 5404 villis
1543 5338 1583 5402 de
1613 5338 1816 5403 Donrucrou

310 5432 509 5501 Wnrnwona
525 5440 559 5497 et
576 5434 764 5514 Nassum,
782 5441 819 5497 ut
836 5433 875 5498 de
891 5434 1022 5498 baronia
1038 5433 1078 5496 de
1093 5432 1206 5515 Vescy.
1288 5498 1292 5503 ,
