<?xml version="1.0" encoding="UTF-8"?>
<!DOCTYPE html PUBLIC "-//W3C//DTD XHTML 1.0 Transitional//EN"
    "http://www.w3.org/TR/xhtml1/DTD/xhtml1-transitional.dtd">
<html xmlns="http://www.w3.org/1999/xhtml" xml:lang="en" lang="en">
 <head>
  <title>
</title>
<meta http-equiv="Content-Type" content="text/html;charset=utf-8" />
  <meta name='ocr-system' content='tesseract 3.04.00' />
  <meta name='ocr-capabilities' content='ocr_page ocr_carea ocr_par ocr_line ocrx_word'/>
</head>
<body>
  <div class='ocr_page' id='page_1' title='image "./inquisitionsand02offigoog_0107.png"; bbox 0 0 4117 6209; ppageno 0'>
   <div class='ocr_carea' id='block_1_1' title="bbox 772 1121 1211 1278">
    <p class='ocr_par' dir='ltr' id='par_1_1' title="bbox 772 1121 1211 1278">
     <span class='ocr_line' id='line_1_1' title="bbox 772 1121 1211 1278; baseline -0.016 -37"><span class='ocrx_word' id='word_1_1' title='bbox 772 1121 1211 1278; x_wconf 46' lang='lat' dir='ltr'>hitinghem.</span> 
     </span>
    </p>
   </div>
   <div class='ocr_carea' id='block_1_2' title="bbox 787 1387 1203 1466">
    <p class='ocr_par' dir='ltr' id='par_1_2' title="bbox 787 1387 1203 1466">
     <span class='ocr_line' id='line_1_2' title="bbox 787 1387 1203 1466; baseline 0.002 -1"><span class='ocrx_word' id='word_1_2' title='bbox 787 1387 895 1466; x_wconf 75' lang='lat' dir='ltr'>[Am.</span> <span class='ocrx_word' id='word_1_3' title='bbox 939 1387 1203 1466; x_wconf 60' lang='lat' dir='ltr'>msc-mem</span> 
     </span>
    </p>
   </div>
   <div class='ocr_carea' id='block_1_3' title="bbox 242 1759 1751 2022">
    <p class='ocr_par' dir='ltr' id='par_1_3' title="bbox 242 1759 1751 2022">
     <span class='ocr_line' id='line_1_3' title="bbox 290 1759 1751 1848; baseline 0.003 -24"><span class='ocrx_word' id='word_1_4' title='bbox 290 1759 427 1825; x_wconf 82' lang='lat' dir='ltr'>Rotolus</span> <span class='ocrx_word' id='word_1_5' title='bbox 453 1760 632 1841; x_wconf 82' lang='lat' dir='ltr'>feodorum,</span> <span class='ocrx_word' id='word_1_6' title='bbox 649 1782 713 1846; x_wconf 89' lang='lat' dir='ltr'>que</span> <span class='ocrx_word' id='word_1_7' title='bbox 741 1765 892 1826; x_wconf 83' lang='lat' dir='ltr'>tenentur</span> <span class='ocrx_word' id='word_1_8' title='bbox 915 1762 954 1827; x_wconf 89' lang='lat' dir='ltr'>de</span> <span class='ocrx_word' id='word_1_9' title='bbox 977 1784 1053 1848; x_wconf 88' lang='lat' dir='ltr'>rege</span> <span class='ocrx_word' id='word_1_10' title='bbox 1067 1763 1120 1827; x_wconf 90' lang='lat' dir='ltr'>i.c.</span> <span class='ocrx_word' id='word_1_11' title='bbox 1136 1767 1167 1826; x_wconf 85' lang='lat' dir='ltr'>et</span> <span class='ocrx_word' id='word_1_12' title='bbox 1184 1761 1224 1825; x_wconf 88' lang='lat' dir='ltr'>de</span> <span class='ocrx_word' id='word_1_13' title='bbox 1246 1761 1319 1825; x_wconf 89' lang='lat' dir='ltr'>aliis</span> <span class='ocrx_word' id='word_1_14' title='bbox 1342 1763 1477 1828; x_wconf 88' lang='lat' dir='ltr'>diversis</span> <span class='ocrx_word' id='word_1_15' title='bbox 1492 1764 1527 1826; x_wconf 92' lang='lat' dir='ltr'>in</span> <span class='ocrx_word' id='word_1_16' title='bbox 1542 1764 1751 1828; x_wconf 79' lang='lat' dir='ltr'>comitatibus</span> 
     </span>
     <span class='ocr_line' id='line_1_4' title="bbox 242 1846 1745 1936; baseline 0.002 -25"><span class='ocrx_word' id='word_1_17' title='bbox 242 1846 443 1933; x_wconf 79' lang='lat' dir='ltr'>Notinghnm</span> <span class='ocrx_word' id='word_1_18' title='bbox 473 1852 508 1912; x_wconf 89' lang='lat' dir='ltr'>et</span> <span class='ocrx_word' id='word_1_19' title='bbox 537 1847 645 1932; x_wconf 85' lang='lat' dir='ltr'>Derby</span> <span class='ocrx_word' id='word_1_20' title='bbox 674 1850 851 1913; x_wconf 89' lang='lat' dir='ltr'>secundum</span> <span class='ocrx_word' id='word_1_21' title='bbox 881 1851 1115 1935; x_wconf 87' lang='lat' dir='ltr'>inquisiciones</span> <span class='ocrx_word' id='word_1_22' title='bbox 1144 1849 1220 1913; x_wconf 90' lang='lat' dir='ltr'>inde</span> <span class='ocrx_word' id='word_1_23' title='bbox 1251 1849 1354 1914; x_wconf 80' lang='lat' dir='ltr'>iactes</span> <span class='ocrx_word' id='word_1_24' title='bbox 1381 1871 1489 1916; x_wconf 82' lang='lat' dir='ltr'>coram</span> <span class='ocrx_word' id='word_1_25' title='bbox 1518 1849 1672 1936; x_wconf 90' lang='lat' dir='ltr'>Philippo</span> <span class='ocrx_word' id='word_1_26' title='bbox 1705 1853 1745 1914; x_wconf 88' lang='lat' dir='ltr'>de</span> 
     </span>
     <span class='ocr_line' id='line_1_5' title="bbox 244 1935 1323 2022; baseline 0.006 -27"><span class='ocrx_word' id='word_1_27' title='bbox 244 1935 389 2021; x_wconf 78' lang='lat' dir='ltr'>Wyleby,</span> <span class='ocrx_word' id='word_1_28' title='bbox 403 1935 596 2002; x_wconf 72' lang='lat' dir='ltr'>cancellario</span> <span class='ocrx_word' id='word_1_29' title='bbox 610 1936 652 2000; x_wconf 92' lang='lat' dir='ltr'>de</span> <span class='ocrx_word' id='word_1_30' title='bbox 668 1937 838 2016; x_wconf 72' lang='lat' dir='ltr'><strong>scaccario,</strong></span> <span class='ocrx_word' id='word_1_31' title='bbox 852 1942 886 2001; x_wconf 85' lang='lat' dir='ltr'>et</span> <span class='ocrx_word' id='word_1_32' title='bbox 902 1938 996 2002; x_wconf 89' lang='lat' dir='ltr'>sociis</span> <span class='ocrx_word' id='word_1_33' title='bbox 1010 1937 1052 2002; x_wconf 83' lang='lat' dir='ltr'>ad</span> <span class='ocrx_word' id='word_1_34' title='bbox 1067 1939 1127 2002; x_wconf 86' lang='lat' dir='ltr'>hoc</span> <span class='ocrx_word' id='word_1_35' title='bbox 1141 1937 1323 2022; x_wconf 81' lang='lat' dir='ltr'>assignetis.</span> 
     </span>
    </p>
   </div>
   <div class='ocr_carea' id='block_1_4' title="bbox 588 2225 1407 2296">
    <p class='ocr_par' dir='ltr' id='par_1_4' title="bbox 588 2225 1407 2296">
     <span class='ocr_line' id='line_1_6' title="bbox 588 2225 1407 2296; baseline -0.002 -2"><span class='ocrx_word' id='word_1_36' title='bbox 588 2225 760 2294; x_wconf 83' lang='lat' dir='ltr'>Dnrmmis</span> <span class='ocrx_word' id='word_1_37' title='bbox 783 2226 1074 2296; x_wconf 76' lang='lat' dir='ltr'>ernnmonmn</span> <span class='ocrx_word' id='word_1_38' title='bbox 1097 2248 1141 2292; x_wconf 87' lang='lat' dir='ltr'>on</span> <span class='ocrx_word' id='word_1_39' title='bbox 1164 2225 1407 2296; x_wconf 80' lang='lat' dir='ltr'><strong>NEWERKE.</strong></span> 
     </span>
    </p>
   </div>
   <div class='ocr_carea' id='block_1_5' title="bbox 245 2387 1755 2560">
    <p class='ocr_par' dir='ltr' id='par_1_5' title="bbox 245 2387 1755 2560">
     <span class='ocr_line' id='line_1_7' title="bbox 294 2387 1755 2474; baseline 0.002 -22"><span class='ocrx_word' id='word_1_40' title='bbox 294 2387 472 2473; x_wconf 86' lang='lat' dir='ltr'>Episcopus</span> <span class='ocrx_word' id='word_1_41' title='bbox 481 2387 720 2454; x_wconf 86' lang='lat' dir='ltr'>Lincolniensis</span> <span class='ocrx_word' id='word_1_42' title='bbox 732 2394 825 2454; x_wconf 78' lang='lat' dir='ltr'>tenet</span> <span class='ocrx_word' id='word_1_43' title='bbox 835 2391 1017 2454; x_wconf 82' lang='lat' dir='ltr'>manerium</span> <span class='ocrx_word' id='word_1_44' title='bbox 1029 2391 1070 2456; x_wconf 87' lang='lat' dir='ltr'>de</span> <span class='ocrx_word' id='word_1_45' title='bbox 1081 2391 1229 2458; x_wconf 83' lang='lat' dir='ltr'>Nswnnrr</span> <span class='ocrx_word' id='word_1_46' title='bbox 1244 2409 1320 2454; x_wconf 80' lang='lat' dir='ltr'>eum</span> <span class='ocrx_word' id='word_1_47' title='bbox 1334 2389 1542 2473; x_wconf 75' lang='lat' dir='ltr'>pertinenciis</span> <span class='ocrx_word' id='word_1_48' title='bbox 1557 2389 1597 2453; x_wconf 86' lang='lat' dir='ltr'>de</span> <span class='ocrx_word' id='word_1_49' title='bbox 1612 2411 1686 2474; x_wconf 85' lang='lat' dir='ltr'>rege</span> <span class='ocrx_word' id='word_1_50' title='bbox 1701 2391 1755 2456; x_wconf 81' lang='lat' dir='ltr'>ic.</span> 
     </span>
     <span class='ocr_line' id='line_1_8' title="bbox 245 2475 790 2560; baseline 0.009 -21"><span class='ocrx_word' id='word_1_51' title='bbox 245 2481 278 2539; x_wconf 87' lang='lat' dir='ltr'>et</span> <span class='ocrx_word' id='word_1_52' title='bbox 292 2476 434 2560; x_wconf 78' lang='lat' dir='ltr'>pertinet</span> <span class='ocrx_word' id='word_1_53' title='bbox 446 2475 487 2540; x_wconf 80' lang='lat' dir='ltr'>ad</span> <span class='ocrx_word' id='word_1_54' title='bbox 502 2475 671 2541; x_wconf 80' lang='lat' dir='ltr'>baroniam</span> <span class='ocrx_word' id='word_1_55' title='bbox 686 2497 790 2544; x_wconf 81' lang='lat' dir='ltr'>suam.</span> 
     </span>
    </p>
   </div>
   <div class='ocr_carea' id='block_1_6' title="bbox 245 2612 1753 2788">
    <p class='ocr_par' dir='ltr' id='par_1_6' title="bbox 245 2612 1753 2788">
     <span class='ocr_line' id='line_1_9' title="bbox 291 2612 1753 2702; baseline 0.003 -26"><span class='ocrx_word' id='word_1_56' title='bbox 291 2612 398 2677; x_wconf 79' lang='lat' dir='ltr'>Abbes</span> <span class='ocrx_word' id='word_1_57' title='bbox 414 2612 454 2677; x_wconf 93' lang='lat' dir='ltr'>de</span> <span class='ocrx_word' id='word_1_58' title='bbox 470 2612 580 2698; x_wconf 70' lang='lat' dir='ltr'>Burgo</span> <span class='ocrx_word' id='word_1_59' title='bbox 595 2619 686 2679; x_wconf 83' lang='lat' dir='ltr'>tenet</span> <span class='ocrx_word' id='word_1_60' title='bbox 700 2615 878 2679; x_wconf 83' lang='lat' dir='ltr'>manerium</span> <span class='ocrx_word' id='word_1_61' title='bbox 894 2615 935 2680; x_wconf 89' lang='lat' dir='ltr'>de</span> <span class='ocrx_word' id='word_1_62' title='bbox 950 2616 1148 2685; x_wconf 70' lang='lat' dir='ltr'>(insitionem</span> <span class='ocrx_word' id='word_1_63' title='bbox 1164 2636 1239 2679; x_wconf 90' lang='lat' dir='ltr'>oum</span> <span class='ocrx_word' id='word_1_64' title='bbox 1261 2616 1467 2700; x_wconf 77' lang='lat' dir='ltr'>pertinenciis</span> <span class='ocrx_word' id='word_1_65' title='bbox 1482 2615 1523 2680; x_wconf 86' lang='lat' dir='ltr'>de</span> <span class='ocrx_word' id='word_1_66' title='bbox 1539 2637 1615 2702; x_wconf 85' lang='lat' dir='ltr'>rege</span> <span class='ocrx_word' id='word_1_67' title='bbox 1629 2615 1681 2679; x_wconf 92' lang='lat' dir='ltr'>i.c.</span> <span class='ocrx_word' id='word_1_68' title='bbox 1698 2617 1753 2680; x_wconf 87' lang='lat' dir='ltr'>sed</span> 
     </span>
     <span class='ocr_line' id='line_1_10' title="bbox 245 2701 872 2788; baseline 0.006 -26"><span class='ocrx_word' id='word_1_69' title='bbox 245 2719 307 2764; x_wconf 92' lang='lat' dir='ltr'>non</span> <span class='ocrx_word' id='word_1_70' title='bbox 322 2701 362 2766; x_wconf 84' lang='lat' dir='ltr'>iit</span> <span class='ocrx_word' id='word_1_71' title='bbox 375 2702 502 2765; x_wconf 91' lang='lat' dir='ltr'>mencio</span> <span class='ocrx_word' id='word_1_72' title='bbox 516 2722 573 2786; x_wconf 90' lang='lat' dir='ltr'>per</span> <span class='ocrx_word' id='word_1_73' title='bbox 587 2703 674 2788; x_wconf 90' lang='lat' dir='ltr'>qnod</span> <span class='ocrx_word' id='word_1_74' title='bbox 689 2704 872 2768; x_wconf 82' lang='lat' dir='ltr'>servicium.</span> 
     </span>
    </p>
   </div>
   <div class='ocr_carea' id='block_1_7' title="bbox 676 2963 1327 3034">
    <p class='ocr_par' dir='ltr' id='par_1_7' title="bbox 676 2963 1327 3034">
     <span class='ocr_line' id='line_1_11' title="bbox 676 2963 1327 3034; baseline -0.002 -2"><span class='ocrx_word' id='word_1_75' title='bbox 676 2963 969 3032; x_wconf 76' lang='lat' dir='ltr'>ernnriosmn</span> <span class='ocrx_word' id='word_1_76' title='bbox 992 2985 1037 3030; x_wconf 86' lang='lat' dir='ltr'>on</span> <span class='ocrx_word' id='word_1_77' title='bbox 1060 2963 1327 3034; x_wconf 78' lang='lat' dir='ltr'><strong>RISEGLYVE.</strong></span> 
     </span>
    </p>
   </div>
   <div class='ocr_carea' id='block_1_8' title="bbox 246 3125 1749 3298">
    <p class='ocr_par' dir='ltr' id='par_1_8' title="bbox 246 3125 1749 3298">
     <span class='ocr_line' id='line_1_12' title="bbox 289 3125 1749 3212; baseline 0.003 -24"><span class='ocrx_word' id='word_1_78' title='bbox 289 3127 405 3191; x_wconf 86' lang='lat' dir='ltr'>Petrus</span> <span class='ocrx_word' id='word_1_79' title='bbox 420 3125 528 3210; x_wconf 84' lang='lat' dir='ltr'>Pykot</span> <span class='ocrx_word' id='word_1_80' title='bbox 542 3130 634 3190; x_wconf 81' lang='lat' dir='ltr'>tenet</span> <span class='ocrx_word' id='word_1_81' title='bbox 648 3127 833 3192; x_wconf 82' lang='lat' dir='ltr'>manerium</span> <span class='ocrx_word' id='word_1_82' title='bbox 848 3127 889 3191; x_wconf 88' lang='lat' dir='ltr'>ds</span> <span class='ocrx_word' id='word_1_83' title='bbox 904 3127 1102 3195; x_wconf 76' lang='lat' dir='ltr'>anscnrvn</span> <span class='ocrx_word' id='word_1_84' title='bbox 1118 3149 1222 3195; x_wconf 74' lang='lat' dir='ltr'>scens</span> <span class='ocrx_word' id='word_1_85' title='bbox 1240 3129 1328 3196; x_wconf 82' lang='lat' dir='ltr'>Sonn</span> <span class='ocrx_word' id='word_1_86' title='bbox 1341 3129 1385 3202; x_wconf 76' lang='lat' dir='ltr'>,de</span> <span class='ocrx_word' id='word_1_87' title='bbox 1400 3147 1477 3212; x_wconf 85' lang='lat' dir='ltr'>rege</span> <span class='ocrx_word' id='word_1_88' title='bbox 1492 3129 1544 3195; x_wconf 92' lang='lat' dir='ltr'>i.c.</span> <span class='ocrx_word' id='word_1_89' title='bbox 1561 3129 1695 3193; x_wconf 93' lang='lat' dir='ltr'>sednon</span> <span class='ocrx_word' id='word_1_90' title='bbox 1712 3129 1749 3192; x_wconf 77' lang='lat' dir='ltr'>fit</span> 
     </span>
     <span class='ocr_line' id='line_1_13' title="bbox 246 3214 742 3298; baseline 0.002 -19"><span class='ocrx_word' id='word_1_91' title='bbox 246 3214 370 3279; x_wconf 85' lang='lat' dir='ltr'>mencio</span> <span class='ocrx_word' id='word_1_92' title='bbox 384 3235 442 3298; x_wconf 90' lang='lat' dir='ltr'>per</span> <span class='ocrx_word' id='word_1_93' title='bbox 456 3214 542 3298; x_wconf 93' lang='lat' dir='ltr'>quod</span> <span class='ocrx_word' id='word_1_94' title='bbox 557 3215 742 3280; x_wconf 88' lang='lat' dir='ltr'>servicium.</span> 
     </span>
    </p>
   </div>
   <div class='ocr_carea' id='block_1_9' title="bbox 247 3350 1755 3524">
    <p class='ocr_par' dir='ltr' id='par_1_9' title="bbox 247 3350 1755 3524">
     <span class='ocr_line' id='line_1_14' title="bbox 295 3350 1755 3438; baseline 0.003 -24"><span class='ocrx_word' id='word_1_95' title='bbox 295 3350 470 3416; x_wconf 84' lang='lat' dir='ltr'>Gervesius</span> <span class='ocrx_word' id='word_1_96' title='bbox 493 3351 533 3416; x_wconf 92' lang='lat' dir='ltr'>de</span> <span class='ocrx_word' id='word_1_97' title='bbox 558 3351 688 3438; x_wconf 80' lang='lat' dir='ltr'>Clyfton</span> <span class='ocrx_word' id='word_1_98' title='bbox 721 3357 814 3416; x_wconf 85' lang='lat' dir='ltr'>tenet</span> <span class='ocrx_word' id='word_1_99' title='bbox 837 3351 1022 3417; x_wconf 78' lang='lat' dir='ltr'>menesium</span> <span class='ocrx_word' id='word_1_100' title='bbox 1046 3352 1087 3417; x_wconf 87' lang='lat' dir='ltr'>de</span> <span class='ocrx_word' id='word_1_101' title='bbox 1113 3354 1256 3420; x_wconf 80' lang='lat' dir='ltr'>Cnrrron</span> <span class='ocrx_word' id='word_1_102' title='bbox 1286 3373 1361 3417; x_wconf 86' lang='lat' dir='ltr'>curn</span> <span class='ocrx_word' id='word_1_103' title='bbox 1391 3353 1545 3418; x_wconf 77' lang='lat' dir='ltr'>membris</span> <span class='ocrx_word' id='word_1_104' title='bbox 1569 3355 1610 3418; x_wconf 87' lang='lat' dir='ltr'>de</span> <span class='ocrx_word' id='word_1_105' title='bbox 1635 3353 1755 3418; x_wconf 85' lang='lat' dir='ltr'>honore</span> 
     </span>
     <span class='ocr_line' id='line_1_15' title="bbox 247 3437 959 3524; baseline 0.008 -23"><span class='ocrx_word' id='word_1_106' title='bbox 247 3437 379 3502; x_wconf 84' lang='lat' dir='ltr'>Peverel</span> <span class='ocrx_word' id='word_1_107' title='bbox 393 3438 434 3504; x_wconf 88' lang='lat' dir='ltr'>de</span> <span class='ocrx_word' id='word_1_108' title='bbox 448 3459 532 3524; x_wconf 82' lang='lat' dir='ltr'>rege,</span> <span class='ocrx_word' id='word_1_109' title='bbox 549 3439 602 3502; x_wconf 88' lang='lat' dir='ltr'>sed</span> <span class='ocrx_word' id='word_1_110' title='bbox 617 3460 682 3504; x_wconf 92' lang='lat' dir='ltr'>non</span> <span class='ocrx_word' id='word_1_111' title='bbox 698 3439 736 3505; x_wconf 87' lang='lat' dir='ltr'>fit</span> <span class='ocrx_word' id='word_1_112' title='bbox 752 3440 879 3504; x_wconf 92' lang='lat' dir='ltr'>mencio</span> <span class='ocrx_word' id='word_1_113' title='bbox 895 3446 959 3507; x_wconf 82' lang='lat' dir='ltr'>etc.</span> 
     </span>
    </p>
   </div>
   <div class='ocr_carea' id='block_1_10' title="bbox 249 3574 1749 3730">
    <p class='ocr_par' dir='ltr' id='par_1_10' title="bbox 249 3574 1749 3730">
     <span class='ocr_line' id='line_1_16' title="bbox 289 3574 1749 3664; baseline 0.004 -27"><span class='ocrx_word' id='word_1_114' title='bbox 289 3574 454 3641; x_wconf 81' lang='lat' dir='ltr'>Johannes</span> <span class='ocrx_word' id='word_1_115' title='bbox 468 3577 509 3642; x_wconf 91' lang='lat' dir='ltr'>de</span> <span class='ocrx_word' id='word_1_116' title='bbox 524 3575 622 3640; x_wconf 87' lang='lat' dir='ltr'>Heriz</span> <span class='ocrx_word' id='word_1_117' title='bbox 637 3581 728 3642; x_wconf 86' lang='lat' dir='ltr'>tenet</span> <span class='ocrx_word' id='word_1_118' title='bbox 742 3578 924 3642; x_wconf 79' lang='lat' dir='ltr'>manerium</span> <span class='ocrx_word' id='word_1_119' title='bbox 939 3576 979 3640; x_wconf 92' lang='lat' dir='ltr'>de</span> <span class='ocrx_word' id='word_1_120' title='bbox 988 3576 1195 3645; x_wconf 79' lang='lat' dir='ltr'>Wrrnnneon</span> <span class='ocrx_word' id='word_1_121' title='bbox 1210 3577 1251 3640; x_wconf 92' lang='lat' dir='ltr'>de</span> <span class='ocrx_word' id='word_1_122' title='bbox 1266 3575 1386 3642; x_wconf 87' lang='lat' dir='ltr'>honore</span> <span class='ocrx_word' id='word_1_123' title='bbox 1402 3577 1534 3643; x_wconf 82' lang='lat' dir='ltr'>Percrel</span> <span class='ocrx_word' id='word_1_124' title='bbox 1551 3578 1592 3642; x_wconf 93' lang='lat' dir='ltr'>de</span> <span class='ocrx_word' id='word_1_125' title='bbox 1607 3599 1681 3664; x_wconf 86' lang='lat' dir='ltr'>rege</span> <span class='ocrx_word' id='word_1_126' title='bbox 1696 3581 1749 3646; x_wconf 89' lang='lat' dir='ltr'>i.c.</span> 
     </span>
     <span class='ocr_line' id='line_1_17' title="bbox 249 3663 652 3730; baseline 0.005 -3"><span class='ocrx_word' id='word_1_127' title='bbox 249 3663 301 3727; x_wconf 80' lang='lat' dir='ltr'>sed</span> <span class='ocrx_word' id='word_1_128' title='bbox 316 3683 382 3728; x_wconf 93' lang='lat' dir='ltr'>non</span> <span class='ocrx_word' id='word_1_129' title='bbox 396 3663 435 3728; x_wconf 83' lang='lat' dir='ltr'>fit</span> <span class='ocrx_word' id='word_1_130' title='bbox 450 3665 576 3728; x_wconf 93' lang='lat' dir='ltr'>mencio</span> <span class='ocrx_word' id='word_1_131' title='bbox 589 3669 652 3730; x_wconf 87' lang='lat' dir='ltr'>etc.</span> 
     </span>
    </p>
   </div>
   <div class='ocr_carea' id='block_1_11' title="bbox 248 3801 1751 3956">
    <p class='ocr_par' dir='ltr' id='par_1_11' title="bbox 248 3801 1751 3956">
     <span class='ocr_line' id='line_1_18' title="bbox 292 3801 1751 3954; baseline 0.003 -89"><span class='ocrx_word' id='word_1_132' title='bbox 292 3801 451 3954; x_wconf 53' lang='grc' dir='ltr'>Βαᾴαἰῖἂε</span> <span class='ocrx_word' id='word_1_133' title='bbox 475 3802 516 3867; x_wconf 86' lang='lat' dir='ltr'>de</span> <span class='ocrx_word' id='word_1_134' title='bbox 541 3801 744 3869; x_wconf 84' lang='lat' dir='ltr'>Freshenviil</span> <span class='ocrx_word' id='word_1_135' title='bbox 768 3808 857 3869; x_wconf 85' lang='lat' dir='ltr'>tenet</span> <span class='ocrx_word' id='word_1_136' title='bbox 881 3804 1061 3867; x_wconf 81' lang='lat' dir='ltr'>manerium</span> <span class='ocrx_word' id='word_1_137' title='bbox 1087 3803 1127 3866; x_wconf 93' lang='lat' dir='ltr'>de</span> <span class='ocrx_word' id='word_1_138' title='bbox 1151 3801 1289 3870; x_wconf 78' lang='lat' dir='ltr'>Bonnrs</span> <span class='ocrx_word' id='word_1_139' title='bbox 1312 3803 1353 3868; x_wconf 90' lang='lat' dir='ltr'>de</span> <span class='ocrx_word' id='word_1_140' title='bbox 1374 3823 1452 3888; x_wconf 84' lang='lat' dir='ltr'>rege</span> <span class='ocrx_word' id='word_1_141' title='bbox 1477 3805 1531 3872; x_wconf 90' lang='lat' dir='ltr'>i.c.</span> <span class='ocrx_word' id='word_1_142' title='bbox 1546 3803 1600 3868; x_wconf 90' lang='lat' dir='ltr'>sed</span> <span class='ocrx_word' id='word_1_143' title='bbox 1625 3825 1689 3868; x_wconf 93' lang='lat' dir='ltr'>non</span> <span class='ocrx_word' id='word_1_144' title='bbox 1714 3803 1751 3869; x_wconf 77' lang='lat' dir='ltr'>fit</span> 
     </span>
     <span class='ocr_line' id='line_1_19' title="bbox 248 3909 452 3956; baseline 0.02 -4"><span class='ocrx_word' id='word_1_145' title='bbox 248 3909 405 3955; x_wconf 84' lang='lat' dir='ltr'>mencroe</span> <span class='ocrx_word' id='word_1_146' title='bbox 442 3937 452 3956; x_wconf 92' lang='lat'><strong>.</strong></span> 
     </span>
    </p>
   </div>
   <div class='ocr_carea' id='block_1_12' title="bbox 693 4143 1301 4215">
    <p class='ocr_par' dir='ltr' id='par_1_12' title="bbox 693 4143 1301 4215">
     <span class='ocr_line' id='line_1_20' title="bbox 693 4143 1301 4215; baseline -0.008 -1"><span class='ocrx_word' id='word_1_147' title='bbox 693 4147 987 4215; x_wconf 76' lang='lat' dir='ltr'>Wsrssrmomon</span> <span class='ocrx_word' id='word_1_148' title='bbox 1009 4165 1054 4210; x_wconf 84' lang='lat' dir='ltr'>nn</span> <span class='ocrx_word' id='word_1_149' title='bbox 1076 4143 1301 4213; x_wconf 82' lang='lat' dir='ltr'><strong>BINGHAM.</strong></span> 
     </span>
    </p>
   </div>
   <div class='ocr_carea' id='block_1_13' title="bbox 293 4305 1666 4390">
    <p class='ocr_par' dir='ltr' id='par_1_13' title="bbox 293 4305 1666 4390">
     <span class='ocr_line' id='line_1_21' title="bbox 293 4305 1666 4390; baseline 0.001 -18"><span class='ocrx_word' id='word_1_150' title='bbox 293 4305 454 4373; x_wconf 87' lang='lat' dir='ltr'>Robertus</span> <span class='ocrx_word' id='word_1_151' title='bbox 468 4308 508 4372; x_wconf 87' lang='lat' dir='ltr'>de</span> <span class='ocrx_word' id='word_1_152' title='bbox 523 4307 591 4372; x_wconf 91' lang='lat' dir='ltr'>Ros</span> <span class='ocrx_word' id='word_1_153' title='bbox 607 4313 698 4373; x_wconf 85' lang='lat' dir='ltr'>tenet</span> <span class='ocrx_word' id='word_1_154' title='bbox 715 4309 847 4376; x_wconf 80' lang='lat' dir='ltr'>Onsron</span> <span class='ocrx_word' id='word_1_155' title='bbox 862 4327 938 4371; x_wconf 90' lang='lat' dir='ltr'>cum</span> <span class='ocrx_word' id='word_1_156' title='bbox 953 4305 1032 4370; x_wconf 81' lang='lat' dir='ltr'>solra</span> <span class='ocrx_word' id='word_1_157' title='bbox 1047 4306 1088 4370; x_wconf 86' lang='lat' dir='ltr'>de</span> <span class='ocrx_word' id='word_1_158' title='bbox 1102 4326 1179 4390; x_wconf 82' lang='lat' dir='ltr'>rege</span> <span class='ocrx_word' id='word_1_159' title='bbox 1193 4306 1245 4370; x_wconf 78' lang='lat' dir='ltr'>ic.</span> <span class='ocrx_word' id='word_1_160' title='bbox 1262 4305 1316 4369; x_wconf 87' lang='lat' dir='ltr'>sed</span> <span class='ocrx_word' id='word_1_161' title='bbox 1333 4326 1396 4370; x_wconf 91' lang='lat' dir='ltr'>non</span> <span class='ocrx_word' id='word_1_162' title='bbox 1412 4307 1450 4370; x_wconf 88' lang='lat' dir='ltr'>fit</span> <span class='ocrx_word' id='word_1_163' title='bbox 1465 4312 1589 4374; x_wconf 87' lang='lat' dir='ltr'>mencio</span> <span class='ocrx_word' id='word_1_164' title='bbox 1604 4317 1666 4374; x_wconf 82' lang='lat' dir='ltr'>etc.</span> 
     </span>
    </p>
   </div>
   <div class='ocr_carea' id='block_1_14' title="bbox 249 4443 1751 4618">
    <p class='ocr_par' dir='ltr' id='par_1_14' title="bbox 249 4443 1751 4618">
     <span class='ocr_line' id='line_1_22' title="bbox 291 4443 1751 4526; baseline 0 -19"><span class='ocrx_word' id='word_1_165' title='bbox 291 4446 383 4510; x_wconf 87' lang='lat' dir='ltr'>Prior</span> <span class='ocrx_word' id='word_1_166' title='bbox 398 4446 438 4510; x_wconf 89' lang='lat' dir='ltr'>de</span> <span class='ocrx_word' id='word_1_167' title='bbox 454 4443 651 4510; x_wconf 84' lang='lat' dir='ltr'>Heverholm</span> <span class='ocrx_word' id='word_1_168' title='bbox 666 4449 757 4510; x_wconf 82' lang='lat' dir='ltr'>tenet</span> <span class='ocrx_word' id='word_1_169' title='bbox 771 4445 981 4510; x_wconf 82' lang='lat' dir='ltr'>hamelettnm</span> <span class='ocrx_word' id='word_1_170' title='bbox 997 4443 1039 4507; x_wconf 88' lang='lat' dir='ltr'>de</span> <span class='ocrx_word' id='word_1_171' title='bbox 1056 4443 1206 4513; x_wconf 74' lang='lat' dir='ltr'>Srsnron</span> <span class='ocrx_word' id='word_1_172' title='bbox 1222 4463 1297 4506; x_wconf 87' lang='lat' dir='ltr'>cum</span> <span class='ocrx_word' id='word_1_173' title='bbox 1312 4449 1451 4526; x_wconf 84' lang='lat' dir='ltr'>quatuor</span> <span class='ocrx_word' id='word_1_174' title='bbox 1466 4444 1590 4508; x_wconf 78' lang='lat' dir='ltr'>bevotis</span> <span class='ocrx_word' id='word_1_175' title='bbox 1613 4453 1696 4510; x_wconf 81' lang='lat' dir='ltr'>terre</span> <span class='ocrx_word' id='word_1_176' title='bbox 1718 4447 1751 4508; x_wconf 93' lang='lat' dir='ltr'>in</span> 
     </span>
     <span class='ocr_line' id='line_1_23' title="bbox 249 4531 1358 4618; baseline -0.003 -19"><span class='ocrx_word' id='word_1_177' title='bbox 249 4531 471 4601; x_wconf 76' lang='lat' dir='ltr'>Tuosvnnror</span> <span class='ocrx_word' id='word_1_178' title='bbox 486 4535 521 4596; x_wconf 94' lang='lat' dir='ltr'>in</span> <span class='ocrx_word' id='word_1_179' title='bbox 538 4534 627 4597; x_wconf 81' lang='lat' dir='ltr'>dicte</span> <span class='ocrx_word' id='word_1_180' title='bbox 642 4532 718 4597; x_wconf 83' lang='lat' dir='ltr'>solra</span> <span class='ocrx_word' id='word_1_181' title='bbox 732 4534 772 4598; x_wconf 90' lang='lat' dir='ltr'>de</span> <span class='ocrx_word' id='word_1_182' title='bbox 787 4554 864 4618; x_wconf 86' lang='lat' dir='ltr'>rege</span> <span class='ocrx_word' id='word_1_183' title='bbox 879 4534 930 4598; x_wconf 90' lang='lat' dir='ltr'>i.c.</span> <span class='ocrx_word' id='word_1_184' title='bbox 948 4531 1004 4596; x_wconf 92' lang='lat' dir='ltr'>sed</span> <span class='ocrx_word' id='word_1_185' title='bbox 1020 4551 1084 4594; x_wconf 91' lang='lat' dir='ltr'>non</span> <span class='ocrx_word' id='word_1_186' title='bbox 1101 4531 1138 4594; x_wconf 85' lang='lat' dir='ltr'>fit</span> <span class='ocrx_word' id='word_1_187' title='bbox 1154 4532 1281 4595; x_wconf 87' lang='lat' dir='ltr'>mencio</span> <span class='ocrx_word' id='word_1_188' title='bbox 1295 4537 1358 4596; x_wconf 83' lang='lat' dir='ltr'>etc.</span> 
     </span>
    </p>
   </div>
   <div class='ocr_carea' id='block_1_15' title="bbox 247 4669 1756 4843">
    <p class='ocr_par' dir='ltr' id='par_1_15' title="bbox 247 4669 1756 4843">
     <span class='ocr_line' id='line_1_24' title="bbox 299 4669 1756 4756; baseline 0.001 -22"><span class='ocrx_word' id='word_1_189' title='bbox 299 4670 457 4736; x_wconf 76' lang='lat' dir='ltr'>Ricardus</span> <span class='ocrx_word' id='word_1_190' title='bbox 471 4673 511 4736; x_wconf 93' lang='lat' dir='ltr'>de</span> <span class='ocrx_word' id='word_1_191' title='bbox 525 4671 689 4756; x_wconf 82' lang='lat' dir='ltr'>Binghnm</span> <span class='ocrx_word' id='word_1_192' title='bbox 705 4676 798 4736; x_wconf 83' lang='lat' dir='ltr'>tenet</span> <span class='ocrx_word' id='word_1_193' title='bbox 812 4671 992 4736; x_wconf 86' lang='lat' dir='ltr'>manerium</span> <span class='ocrx_word' id='word_1_194' title='bbox 1008 4671 1048 4734; x_wconf 89' lang='lat' dir='ltr'>de</span> <span class='ocrx_word' id='word_1_195' title='bbox 1062 4669 1222 4737; x_wconf 78' lang='lat' dir='ltr'>Brncsrn</span> <span class='ocrx_word' id='word_1_196' title='bbox 1237 4691 1311 4733; x_wconf 92' lang='lat' dir='ltr'>cum</span> <span class='ocrx_word' id='word_1_197' title='bbox 1327 4671 1537 4754; x_wconf 89' lang='lat' dir='ltr'>pertinenciis</span> <span class='ocrx_word' id='word_1_198' title='bbox 1551 4691 1609 4754; x_wconf 90' lang='lat' dir='ltr'>pro</span> <span class='ocrx_word' id='word_1_199' title='bbox 1634 4671 1655 4734; x_wconf 87' lang='lat' dir='ltr'>f.</span> <span class='ocrx_word' id='word_1_200' title='bbox 1667 4671 1694 4755; x_wconf 91' lang='lat' dir='ltr'>j.</span> <span class='ocrx_word' id='word_1_201' title='bbox 1711 4693 1756 4736; x_wconf 92' lang='lat' dir='ltr'>m.</span> 
     </span>
     <span class='ocr_line' id='line_1_25' title="bbox 247 4758 946 4843; baseline 0.003 -21"><span class='ocrx_word' id='word_1_202' title='bbox 247 4758 287 4824; x_wconf 91' lang='lat' dir='ltr'>de</span> <span class='ocrx_word' id='word_1_203' title='bbox 300 4759 421 4824; x_wconf 82' lang='lat' dir='ltr'>comite</span> <span class='ocrx_word' id='word_1_204' title='bbox 437 4758 562 4836; x_wconf 76' lang='lat' dir='ltr'>Fertor,</span> <span class='ocrx_word' id='word_1_205' title='bbox 577 4764 612 4823; x_wconf 85' lang='lat' dir='ltr'>et</span> <span class='ocrx_word' id='word_1_206' title='bbox 626 4779 732 4823; x_wconf 89' lang='lat' dir='ltr'>comes</span> <span class='ocrx_word' id='word_1_207' title='bbox 747 4758 788 4824; x_wconf 89' lang='lat' dir='ltr'>de</span> <span class='ocrx_word' id='word_1_208' title='bbox 804 4778 879 4843; x_wconf 80' lang='lat' dir='ltr'>rege</span> <span class='ocrx_word' id='word_1_209' title='bbox 893 4760 946 4824; x_wconf 92' lang='lat' dir='ltr'>i.c.</span> 
     </span>
    </p>
   </div>
   <div class='ocr_carea' id='block_1_16' title="bbox 249 4894 1759 5071">
    <p class='ocr_par' dir='ltr' id='par_1_16' title="bbox 249 4894 1759 5071">
     <span class='ocr_line' id='line_1_26' title="bbox 293 4894 1759 5047; baseline 0.002 -88"><span class='ocrx_word' id='word_1_210' title='bbox 293 4894 484 5047; x_wconf 47' lang='lat' dir='ltr'>Efimpngiiis</span> <span class='ocrx_word' id='word_1_211' title='bbox 508 4897 675 4983; x_wconf 82' lang='lat' dir='ltr'>Deyncurt</span> <span class='ocrx_word' id='word_1_212' title='bbox 702 4901 794 4964; x_wconf 82' lang='lat' dir='ltr'>tenet</span> <span class='ocrx_word' id='word_1_213' title='bbox 817 4898 996 4963; x_wconf 70' lang='lat' dir='ltr'>manerium</span> <span class='ocrx_word' id='word_1_214' title='bbox 1023 4897 1065 4961; x_wconf 87' lang='lat' dir='ltr'>de</span> <span class='ocrx_word' id='word_1_215' title='bbox 1090 4897 1229 4966; x_wconf 76' lang='lat' dir='ltr'>Gnmnr</span> <span class='ocrx_word' id='word_1_216' title='bbox 1244 4901 1277 4960; x_wconf 89' lang='lat' dir='ltr'>et</span> <span class='ocrx_word' id='word_1_217' title='bbox 1305 4895 1431 4965; x_wconf 81' lang='lat' dir='ltr'>Sorron</span> <span class='ocrx_word' id='word_1_218' title='bbox 1458 4899 1759 4982; x_wconf 71' lang='lat' dir='ltr'>compertinentiis</span> 
     </span>
     <span class='ocr_line' id='line_1_27' title="bbox 249 5002 555 5071; baseline 0.016 -25"><span class='ocrx_word' id='word_1_219' title='bbox 249 5002 305 5066; x_wconf 90' lang='lat' dir='ltr'>pro</span> <span class='ocrx_word' id='word_1_220' title='bbox 320 5002 358 5066; x_wconf 76' lang='grc' dir='ltr'>ῃ.</span> <span class='ocrx_word' id='word_1_221' title='bbox 389 5031 399 5048; x_wconf 92' lang='grc'><strong>.</strong></span> <span class='ocrx_word' id='word_1_222' title='bbox 437 5002 555 5071; x_wconf 76' lang='lat' dir='ltr'>eroge.</span> 
     </span>
    </p>
   </div>
   <div class='ocr_carea' id='block_1_17' title="bbox 247 5117 1759 5294">
    <p class='ocr_par' dir='ltr' id='par_1_17' title="bbox 247 5117 1759 5294">
     <span class='ocr_line' id='line_1_28' title="bbox 293 5117 1759 5206; baseline 0.001 -24"><span class='ocrx_word' id='word_1_223' title='bbox 293 5120 477 5185; x_wconf 80' lang='lat' dir='ltr'>willelmus</span> <span class='ocrx_word' id='word_1_224' title='bbox 492 5119 628 5184; x_wconf 81' lang='lat' dir='ltr'>Barduli</span> <span class='ocrx_word' id='word_1_225' title='bbox 638 5125 672 5184; x_wconf 91' lang='lat' dir='ltr'>et</span> <span class='ocrx_word' id='word_1_226' title='bbox 688 5119 847 5185; x_wconf 85' lang='lat' dir='ltr'>Robertns</span> <span class='ocrx_word' id='word_1_227' title='bbox 861 5120 903 5186; x_wconf 91' lang='lat' dir='ltr'>de</span> <span class='ocrx_word' id='word_1_228' title='bbox 918 5117 1139 5206; x_wconf 83' lang='lat' dir='ltr'>Everinghem</span> <span class='ocrx_word' id='word_1_229' title='bbox 1154 5122 1269 5185; x_wconf 80' lang='lat' dir='ltr'>tenent</span> <span class='ocrx_word' id='word_1_230' title='bbox 1283 5120 1465 5183; x_wconf 85' lang='lat' dir='ltr'>manerium</span> <span class='ocrx_word' id='word_1_231' title='bbox 1480 5121 1521 5186; x_wconf 90' lang='lat' dir='ltr'>de</span> <span class='ocrx_word' id='word_1_232' title='bbox 1538 5121 1759 5190; x_wconf 80' lang='lat' dir='ltr'>Snrnnnronn</span> 
     </span>
     <span class='ocr_line' id='line_1_29' title="bbox 247 5208 677 5294; baseline 0 -21"><span class='ocrx_word' id='word_1_233' title='bbox 247 5228 304 5292; x_wconf 89' lang='lat' dir='ltr'>per</span> <span class='ocrx_word' id='word_1_234' title='bbox 318 5208 484 5273; x_wconf 72' lang='lat' dir='ltr'>baroniam</span> <span class='ocrx_word' id='word_1_235' title='bbox 499 5208 677 5294; x_wconf 82' lang='lat' dir='ltr'>Heuselyn.</span> 
     </span>
    </p>
   </div>
   <div class='ocr_carea' id='block_1_18' title="bbox 247 5339 1756 5515">
    <p class='ocr_par' dir='ltr' id='par_1_18' title="bbox 247 5339 1756 5515">
     <span class='ocr_line' id='line_1_30' title="bbox 292 5339 1756 5424; baseline -0.005 -18"><span class='ocrx_word' id='word_1_236' title='bbox 292 5346 477 5412; x_wconf 86' lang='lat' dir='ltr'>Wilielmns</span> <span class='ocrx_word' id='word_1_237' title='bbox 491 5345 630 5411; x_wconf 86' lang='lat' dir='ltr'>Botiller</span> <span class='ocrx_word' id='word_1_238' title='bbox 644 5350 734 5410; x_wconf 86' lang='lat' dir='ltr'>tenet</span> <span class='ocrx_word' id='word_1_239' title='bbox 750 5345 932 5410; x_wconf 75' lang='lat' dir='ltr'>manerium</span> <span class='ocrx_word' id='word_1_240' title='bbox 947 5342 988 5406; x_wconf 87' lang='lat' dir='ltr'>de</span> <span class='ocrx_word' id='word_1_241' title='bbox 1007 5343 1178 5410; x_wconf 78' lang='lat' dir='ltr'>Gnornrnn</span> <span class='ocrx_word' id='word_1_242' title='bbox 1193 5343 1364 5410; x_wconf 81' lang='lat' dir='ltr'>Bormnnn</span> <span class='ocrx_word' id='word_1_243' title='bbox 1379 5361 1436 5424; x_wconf 89' lang='lat' dir='ltr'>pro</span> <span class='ocrx_word' id='word_1_244' title='bbox 1450 5339 1474 5424; x_wconf 81' lang='lat' dir='ltr'>j.</span> <span class='ocrx_word' id='word_1_245' title='bbox 1490 5339 1513 5404; x_wconf 86' lang='lat' dir='ltr'>f.</span> <span class='ocrx_word' id='word_1_246' title='bbox 1530 5341 1564 5402; x_wconf 94' lang='lat' dir='ltr'>in</span> <span class='ocrx_word' id='word_1_247' title='bbox 1580 5339 1756 5405; x_wconf 76' lang='lat' dir='ltr'>Krnmros</span> 
     </span>
     <span class='ocr_line' id='line_1_31' title="bbox 247 5427 1603 5515; baseline -0.006 -19"><span class='ocrx_word' id='word_1_248' title='bbox 247 5433 329 5499; x_wconf 85' lang='lat' dir='ltr'>etin</span> <span class='ocrx_word' id='word_1_249' title='bbox 344 5435 543 5504; x_wconf 68' lang='lat' dir='ltr'>omission</span> <span class='ocrx_word' id='word_1_250' title='bbox 559 5434 600 5498; x_wconf 91' lang='lat' dir='ltr'>de</span> <span class='ocrx_word' id='word_1_251' title='bbox 614 5433 800 5511; x_wconf 74' lang='lat' dir='ltr'>lidmnndo,</span> <span class='ocrx_word' id='word_1_252' title='bbox 815 5433 916 5496; x_wconf 75' lang='lat' dir='ltr'>fratre</span> <span class='ocrx_word' id='word_1_253' title='bbox 931 5431 1027 5515; x_wconf 82' lang='lat' dir='ltr'>regis,</span> <span class='ocrx_word' id='word_1_254' title='bbox 1043 5439 1076 5496; x_wconf 88' lang='lat' dir='ltr'>et</span> <span class='ocrx_word' id='word_1_255' title='bbox 1093 5432 1181 5496; x_wconf 90' lang='lat' dir='ltr'>idem</span> <span class='ocrx_word' id='word_1_256' title='bbox 1197 5429 1391 5495; x_wconf 86' lang='lat' dir='ltr'>Edmundus</span> <span class='ocrx_word' id='word_1_257' title='bbox 1406 5427 1447 5490; x_wconf 85' lang='lat' dir='ltr'>dc</span> <span class='ocrx_word' id='word_1_258' title='bbox 1462 5447 1536 5510; x_wconf 84' lang='lat' dir='ltr'>rege</span> <span class='ocrx_word' id='word_1_259' title='bbox 1550 5428 1603 5490; x_wconf 92' lang='lat' dir='ltr'>i.o.</span> 
     </span>
    </p>
   </div>
   <div class='ocr_carea' id='block_1_19' title="bbox 0 0 2074 6209">
    <p class='ocr_par' dir='ltr' id='par_1_19' title="bbox 0 0 2074 6209">
     <span class='ocr_line' id='line_1_32' title="bbox 0 0 2074 6209; baseline 0 0"><span class='ocrx_word' id='word_1_260' title='bbox 0 0 2074 6209; x_wconf 95' lang='lat' dir='ltr'> </span> 
     </span>
    </p>
   </div>
  </div>
 </body>
</html>
