4117 6209
301 620 367 686 240
980 625 1131 693 SALOP.

345 903 524 974 Nicholcus
538 908 660 975 Burnel
675 916 765 976 tenet
780 913 890 981 Acme
907 914 1048 982 Bonum,
1061 934 1120 998 pro
1127 914 1157 998 j.
1172 913 1196 981 f.
1208 913 1295 999 quod
1307 913 1491 978 willelmus
1503 917 1539 977 el
1554 910 1665 994 Geryo
1680 905 1803 972 Bumel

300 997 463 1080 quondam
479 1002 658 1063 tenuerunt
673 999 714 1064 de
728 999 864 1065 beronio
878 999 1001 1066 Thome
1016 1001 1117 1066 Corbc
1134 1049 1144 1067 .
1779 1039 1783 1045 ,

344 1107 450 1197 Abbcs
473 1133 512 1198 de
537 1135 710 1220 Haghmon
739 1143 829 1202 tenet
844 1109 1119 1207 Wicomeneeeie
1146 1159 1204 1224 pro
1227 1139 1271 1207 di.
1287 1140 1309 1203 f.
1334 1139 1421 1224 quod
1443 1137 1542 1203 ebbae
1565 1134 1800 1219 de-Haghmon

300 1219 462 1304 quondam
478 1225 591 1288 tenuit
605 1224 645 1289 de
660 1231 745 1288 terra
759 1221 919 1291 willelmi
935 1229 975 1291 de
990 1225 1215 1311 Caln)tulupo.

345 1358 438 1422 Alina
460 1359 583 1425 Bumel
604 1367 698 1426 tenet
712 1363 956 1433 Womsrluscon
983 1387 1040 1449 pro
1063 1368 1180 1451 quinte
1195 1371 1288 1451 perte
1296 1365 1325 1449 j.
1341 1365 1365 1431 f.
1382 1363 1469 1450 quod
1485 1363 1628 1449 Rogemc
1643 1331 1799 1443 Anglicus

298 1445 460 1528 quondam
477 1449 585 1512 tenuit
600 1449 639 1512 dc
655 1455 740 1514 torre
757 1451 873 1515 Aubrei
890 1451 1039 1519 Rolreus.

343 1579 462 1666 Guydo
484 1581 582 1648 Brien
609 1591 703 1650 tonet
730 1587 927 1669 Pomeemcn
951 1609 1007 1672 pro
1024 1589 1053 1674 j.
1069 1588 1093 1655 f.
1116 1589 1203 1674 quod
1224 1586 1418 1672 Redulphuc
1432 1587 1463 1650 le
1479 1585 1617 1650 Botiller
1633 1581 1797 1668 quondam

298 1669 405 1734 lenuit
419 1668 460 1734 de
472 1689 561 1757 rege,
576 1679 611 1736 cl
625 1679 679 1737 ecl·
690 1676 726 1737 in
745 1695 843 1739 manu
858 1675 984 1740 domini
998 1678 1085 1761 regie
1098 1679 1226 1741 racione
1240 1675 1398 1741 custodie.

336 1805 389 1870 lii
403 1803 518 1873 dicunt
534 1815 596 1876 elc.
617 1814 665 1890 (oe
680 1805 813 1894 before(

835 2095 1031 2187 [Liciniis]
1062 2097 1289 2168 semem

342 2249 383 2314 In
407 2253 524 2317 nicicio
552 2257 649 2334 cepte
676 2254 764 2339 cpud
794 2255 958 2341 salopiam
988 2256 1042 2320 die
1071 2255 1208 2320 Venerio
1236 2256 1383 2340 proxima
1412 2259 1488 2338 poet
1523 2253 1644 2317 fectum
1682 2252 1798 2316 Sancti

297 2272 443 2402 Bamleie
458 2339 603 2424 Apostoli
621 2346 682 2408 eto.
702 2347 749 2422 (ce
765 2344 893 2427 before),
920 2364 977 2428 per
1001 2347 1240 2408 sacramentum
1267 2342 1426 2407 willelmi
1451 2340 1596 2416 oleron,
1619 2338 1747 2440 ΙίοςοῐίΙ
1764 2338 1796 2402 le

296 2421 499 2513 W[ry]ghte
514 2427 553 2492 de
568 2427 748 2508 Neubolde‚
763 2429 882 2512 Rogeri
898 2428 1047 2494 Partrich
1061 2431 1103 2494 de
1119 2429 1262 2516 Polfley,
1278 2430 1453 2515 Ingelremi
1469 2428 1499 2492 le
1515 2426 1620 2506 eleth,
1631 2426 1749 2511 Rogen
1762 2426 1795 2490 le

294 2512 459 2595 Teyllour‚
473 2513 603 2582 Ricerdi
617 2515 659 2581 de
673 2516 705 2579 N
706 2517 858 2595 eubolde,
869 2517 1027 2582 willelmi
1042 2517 1198 2582 Tummec
1210 2523 1264 2598 (i),
1279 2517 1436 2581 willelmi
1447 2515 1548 2602 Mody
1558 2516 1600 2580 de
1616 2512 1796 2591 Neubolde,

297 2599 433 2665 Rcberli
460 2603 501 2667 de
526 2602 703 2668 Ambeslon
728 2604 770 2668 de
793 2604 938 2691 Polyley‚
961 2605 1112 2690 Hugonic
1133 2604 1174 2669 de
1199 2605 1379 2684 Neubolde,
1405 2603 1561 2667 willelmi
1586 2600 1737 2686 Medym,
1760 2607 1795 2664 et

297 2686 455 2752 willelmi
469 2689 501 2754 le
515 2689 641 2768 Portet,
656 2693 714 2778 qui
730 2691 845 2757 dicuni
859 2713 955 2779 cuper
968 2697 1208 2758 sacramentum
1223 2713 1318 2758 cuum
1331 2691 1418 2777 quod
1429 2715 1483 2757 2-

294 2956 297 2962 ,
339 2883 525 2963 willelmus
549 2885 591 2949 de
617 2885 650 2949 lc
673 2884 797 2951 Scuche
821 2885 861 2951 de
886 2887 1119 2973 Herygwcrlhe
1142 2893 1175 2952 et
1202 2887 1365 2951 Robertue
1380 2885 1483 2972 Bracy
1497 2884 1539 2947 de
1554 2881 1664 2946 Meole
1678 2885 1795 2946 tenenl

293 2969 416 3038 Mcomo
431 2971 543 3040 Bmm
555 2991 613 3055 per
629 2973 802 3038 servicium
813 2973 840 3060 j.
855 2974 877 3040 f.
896 2996 942 3042 m.
959 2974 1046 3060 quod
1056 2974 1241 3039 willelmus
1255 2974 1295 3039 de
1310 2972 1495 3058 Conlulupo
1509 2969 1673 3056 quondam
1687 2971 1795 3058 tenuit

293 3059 335 3122 de
350 3059 476 3144 Rogcro
490 3059 532 3124 de
546 3059 678 3126 Mortuo
692 3061 789 3128 Mari.

337 3193 381 3260 Et
396 3193 511 3262 dicunt
525 3199 587 3264 eto.
606 3202 653 3277 (cc
669 3199 796 3282 before).

760 3469 981 3539 Houoeeocm
1004 3491 1050 3540 oe
1072 3469 1329 3539 GHERBURY.

289 3615 292 3622 '
335 3616 513 3704 Inquisicio
528 3624 625 3704 capte
638 3622 724 3706 apud
741 3620 901 3708 Chirbury
915 3623 969 3688 die
984 3623 1077 3688 Jovis
1091 3623 1127 3686 in
1141 3623 1227 3687 fecto
1242 3623 1464 3687 Accenccionie
1480 3621 1613 3684 Domini
1627 3640 1714 3686 enno
1727 3626 1791 3687 elo.

294 3708 342 3783 (oc
358 3707 483 3791 before),
501 3727 558 3792 per
572 3715 811 3773 sacramentum
826 3711 963 3779 walteri
978 3711 1019 3775 de
1036 3710 1212 3789 Hokelton‚
1228 3709 1348 3794 Rogeri
1362 3709 1403 3773 de
1418 3707 1617 3786 Middelton‚
1631 3707 1791 3772 willelmi

291 3791 411 3876 Moyle,
439 3793 509 3858 Ade
538 3793 578 3858 de
606 3793 740 3876 Pelion,
771 3796 909 3862 Wclleri
939 3799 979 3862 de
1009 3799 1153 3878 weston,
1183 3797 1323 3862 walteri
1360 3796 1421 3861 filii
1457 3795 1604 3873 Rubelli,
1634 3795 1703 3860 Ado
1730 3794 1793 3858 filii

291 3877 472 3964 Audulphi,
487 3879 620 3945 Ricardi
634 3881 697 3946 lilii
711 3882 897 3968 Regincldi,
914 3885 1050 3950 Davidie
1074 3885 1136 3948 filii
1159 3882 1318 3948 Johannie
1343 3884 1384 3948 de
1410 3883 1558 3963 Siocton,
1585 3881 1733 3947 Nicholei
1760 3883 1792 3946 le

293 3964 459 4046 Boudlere,
500 3967 657 4032 willelmi
693 3969 831 4055 Brodye,
868 3979 904 4036 el
938 3969 1099 4036 Johcnnis
1140 3971 1201 4036 filii
1249 3971 1389 4049 Howeli,
1432 3971 1490 4056 qui
1536 3970 1652 4036 dicunt
1695 3989 1793 4053 cuper

291 4060 528 4119 accrementum
544 4074 639 4120 suum
654 4058 740 4141 quod
751 4080 805 4123 :-

333 4240 495 4306 Wolteruc
510 4241 551 4306 de
566 4242 734 4310 Hokelton
751 4251 843 4312 tenet
857 4253 1007 4332 qucrtcm
1021 4252 1148 4331 portem
1161 4247 1232 4311 fiio
1246 4247 1441 4326 Bomoi,
1456 4265 1556 4329 quom
1571 4243 1735 4313 walterus
1748 4243 1789 4308 dc

289 4326 453 4393 Holelton
469 4330 632 4415 quondam
648 4333 758 4398 tenuit
774 4335 814 4399 de
828 4339 933 4399 cestro
948 4335 1074 4399 Montio
1089 4335 1242 4418 Gomery.

331 4465 489 4530 Ricardus
505 4466 592 4533 filiun
608 4469 742 4535 Ricardi
757 4471 872 4537 Purcel
886 4478 921 4539 ei
936 4473 1116 4556 paroenarii
1131 4473 1183 4536 oui
1198 4475 1314 4536 tenent
1328 4469 1463 4533 terciam
1486 4464 1644 4556 [perlem]
1672 4467 1697 4555 j.
1714 4467 1737 4531 f.
1753 4469 1788 4531 in

287 4551 523 4622 Wmmcseum
551 4560 584 4620 et
616 4557 805 4640 Scfflmwm,
837 4560 923 4625 unde
953 4558 1118 4624 Johannec
1148 4560 1235 4622 filine
1264 4557 1399 4621 Roberti
1436 4556 1467 4620 le
1501 4553 1660 4619 Boudlero
1696 4560 1790 4619 tenet

287 4640 359 4704 xl⁸¹¹¹
374 4643 502 4724 perlem
527 4643 550 4710 f.
577 4647 811 4732 quemquidem
838 4649 976 4712 terciam
1002 4654 1131 4732 partem
1155 4644 1313 4710 Ricarduc
1336 4643 1455 4708 Purcel
1478 4647 1515 4707 et
1537 4642 1713 4727 participes
1737 4645 1788 4706 sui

286 4729 449 4813 quondam
464 4734 644 4798 tenuerunt
659 4733 699 4798 de
713 4740 820 4799 cestro
834 4736 992 4819 predicto.

330 4865 474 4952 Rogemo
499 4868 593 4936 Hord
615 4870 657 4935 de
681 4871 859 4937 Wefleford
888 4878 980 4937 tenet
1005 4875 1140 4937 terciam
1168 4879 1296 4956 perlem
1315 4869 1344 4955 j.
1360 4870 1384 4935 f.
1408 4871 1444 4933 in
1468 4867 1673 4948 Wonnm,
1688 4885 1787 4952 quam

285 4952 447 5020 Henricus
461 4956 502 5020 de
517 4956 696 5024 woderlon
711 4961 876 5042 quondam
891 4962 998 5026 tenuit
1012 4961 1053 5025 dc
1068 4966 1171 5024 metro
1186 4959 1344 5044 predicto.

327 5089 493 5159 iohannes
508 5093 550 5158 de
565 5092 701 5160 Stocton
717 5101 753 5160 et
768 5099 943 5181 participes
959 5100 1010 5162 cui
1025 5103 1140 5162 tenent
1151 5098 1380 5164 werimum
1393 5099 1429 5159 el
1441 5093 1587 5162 &morou
1601 5111 1659 5176 pro
1673 5096 1789 5178 quarta

283 5183 376 5264 parte
390 5179 416 5266 j.
431 5178 454 5244 f.
470 5200 566 5263 quem
584 5181 689 5246 David
704 5182 746 5247 de
761 5185 897 5250 Stooton
912 5185 1076 5270 quondam
1091 5186 1205 5249 tenuit
1220 5183 1261 5248 de
1276 5189 1384 5247 castro
1398 5181 1554 5266 predicto.

325 5315 490 5382 Johennes
513 5319 639 5385 Honell
662 5327 755 5386 leuel
777 5323 823 5388 di.
852 5322 875 5389 f.
904 5324 939 5389 in
964 5323 1105 5390 Moron
1128 5344 1225 5408 quem
1253 5321 1436 5385 willelmus
1466 5319 1591 5383 Homill
1620 5317 1787 5401 quondam

284 5406 393 5469 tenuit
406 5404 448 5468 de
463 5405 559 5470 feodo
574 5407 627 5473 W.
642 5409 683 5471 de
700 5409 885 5494 Caniilupo.
