4117 6209
313 665 376 730 226
987 667 1140 737 SALOP.

359 954 722 1023 umcros-Reuertar
745 955 837 1040 Body
863 960 953 1020 tenet
984 953 1079 1044 [iiij.]
1110 959 1239 1040 portum
1271 958 1340 1036 (sic)
1379 951 1423 1041 [j.
1447 954 1472 1020 f.
1502 949 1553 1039 in]
1587 951 1734 1020 Srooron
1759 971 1817 1034 per

312 1042 499 1126 serjantiam
514 1043 703 1107 inveniendi
718 1063 821 1107 unum
835 1044 982 1128 peditem
998 1065 1056 1128 per
1078 1044 1122 1109 xi.
1139 1043 1208 1108 dies
1222 1043 1407 1126 sumptibus
1421 1043 1491 1106 suis
1506 1041 1645 1126 propriis
1659 1047 1736 1102 oum
1750 1058 1815 1102 uno

313 1150 389 1194 urcu
405 1137 439 1193 et
453 1129 515 1216 iiij.
533 1131 663 1216 sagittis
677 1131 718 1195 de
733 1131 864 1194 domino
879 1152 955 1216 rege
971 1133 1025 1196 i.c.

356 1266 508 1334 Dorurorr
544 1287 619 1329 cum
657 1265 856 1334 Concedunt
892 1273 928 1331 et
966 1265 1410 1335 sarrensem-Johannes
1446 1265 1488 1328 de
1525 1264 1686 1328 Beuumes
1722 1267 1815 1327 tenet

312 1355 494 1418 manerium
509 1353 549 1416 de
564 1354 715 1420 Dourrou
732 1375 806 1418 cum
821 1355 1021 1423 Cunusnsnn
1043 1361 1078 1419 et
1101 1355 1328 1422 Smmmws
1352 1354 1393 1417 de
1419 1353 1544 1438 Rogero
1566 1354 1607 1416 de
1629 1351 1661 1414 la
1687 1349 1814 1416 Souchc

273 1475 281 1492 ·
313 1461 369 1525 per
384 1461 486 1504 unum
501 1440 524 1505 f.
540 1460 586 1509 m.
603 1448 732 1505 setnon
747 1449 810 1507 etc.

356 1575 736 1642 Reimarus-Abho
771 1575 811 1639 de
848 1572 1056 1662 Lylush[ull]
1099 1579 1190 1639 tenet
1228 1575 1410 1638 manerium
1446 1574 1487 1637 de
1524 1574 1743 1641 Bomonsnn
1773 1574 1813 1636 de

304 1661 479 1726 'Willelmo
503 1663 543 1725 de
571 1661 751 1745 Hugefford
776 1664 827 1727 i.o.
853 1664 952 1727 eundi
982 1665 1051 1742 (sic)
1079 1683 1188 1728 secum
1212 1669 1358 1745 tempore
1381 1681 1497 1745 guerre
1522 1662 1556 1723 in
1581 1659 1732 1725 Wullium
1756 1681 1813 1744 per

311 1749 681 1902 ivl'fldilffiugigiitdiid
700 1751 766 1814 suis
791 1752 941 1834 propriis,
967 1770 1026 1814 nec
1052 1751 1090 1813 fit
1113 1751 1240 1814 mencio
1266 1751 1299 1812 in
1326 1748 1545 1832 inquisicione
1570 1749 1612 1812 dc
1638 1768 1702 1834 quo
1724 1749 1812 1812 idem

356 1974 565 2041 Huonnnonn
579 1994 653 2037 oum
672 1974 818 2053 Nomos,
835 1979 869 2038 et
884 1976 1051 2053 dornoso,
1065 1980 1098 2038 et
1115 1972 1538 2041 Amasim-willelmus
1564 1973 1605 2036 de
1631 1972 1812 2056 Hugefford

311 2067 403 2125 tenet
418 2063 599 2125 manerium
614 2062 654 2125 de
670 2061 879 2129 Huonrsonn
894 2083 968 2126 cum
984 2062 1121 2128 Nomou
1135 2070 1171 2126 et
1185 2063 1341 2128 Arosmo
1357 2066 1392 2124 et
1408 2063 1589 2127 Asrswmn
1609 2060 1650 2123 de
1675 2059 1812 2124 Ricardo

311 2149 379 2212 filio
395 2148 489 2212 Alsui
505 2149 559 2214 i.c.
574 2169 632 2232 per
659 2151 831 2213 servicium
857 2149 1046 2214 inveniendi
1072 2149 1108 2235 ij.
1134 2151 1263 2235 equites
1285 2169 1344 2232 per
1370 2148 1413 2213 xl.
1439 2150 1510 2212 dies
1537 2147 1721 2231 sumptibus
1743 2147 1813 2211 suis

310 2235 449 2319 propriis
462 2241 609 2320 tempore
622 2256 748 2320 guerre,
764 2256 824 2300 nec
839 2236 877 2299 fit
891 2237 1019 2301 mencio
1033 2243 1096 2300 etc.

354 2371 713 2438 Romu-willelmus
728 2373 768 2436 de
783 2371 894 2436 Ruton
910 2378 1001 2437 tenet
1013 2373 1124 2437 villum
1140 2374 1180 2437 de
1194 2374 1312 2441 Rumon
1323 2373 1363 2438 de
1375 2372 1633 2453 Bu(r)tbolomeo
1647 2372 1688 2436 dc
1703 2371 1813 2456 Burgo

310 2460 364 2525 i.o.
379 2478 436 2544 pro
451 2458 525 2546 iiij‘·
546 2465 637 2543 purte
652 2461 675 2523 i.
686 2460 713 2544 j.
730 2481 776 2526 m.
792 2460 905 2524 nectit
921 2461 1051 2524 mencio
1065 2472 1128 2526 etc.

354 2595 794 2663 uouendos-willelmus
809 2597 850 2661 de
865 2596 942 2660 Alto
957 2596 1042 2680 Ripa
1055 2602 1147 2661 tenet
1163 2597 1275 2660 villum
1290 2596 1329 2661 de
1344 2595 1544 2662 Kounmuon
1559 2595 1599 2658 de
1613 2593 1755 2659 Henrioo
1769 2593 1811 2656 de

310 2682 413 2768 Percy
427 2685 480 2749 i.c.
497 2703 554 2767 pro
569 2683 614 2750 di.
631 2683 653 2750 f.
670 2704 715 2751 m.
731 2705 788 2747 nec
804 2683 843 2748 fit
856 2687 984 2749 mencio
999 2689 1062 2750 etc.

353 2815 703 2885 Yvnnrn.-Robertus
718 2819 833 2885 Corbet
849 2826 940 2885 tenet
953 2840 1053 2885 unam
1067 2822 1228 2906 virgatam
1244 2826 1329 2884 terre
1343 2822 1378 2882 in
1393 2819 1527 2886 Yvnnrn
1553 2820 1595 2883 de
1617 2818 1747 2881 domino
1769 2818 1813 2880 de

308 2901 438 2966 Morton
453 2904 600 2985 Tubuud,
614 2927 675 2971 neo
690 2907 730 2971 fit
743 2909 870 2973 mencio
885 2914 949 2974 etc.

934 3277 1031 3355 AD.
1071 3279 1187 3351 1³16.

351 3461 526 3528 Edwardus
540 3463 594 3527 dei
608 3465 716 3549 gratia
730 3469 793 3530 sto.
811 3468 859 3544 (as
874 3466 908 3530 in
923 3465 986 3530 vol.
1003 3463 1033 3530 1.
1049 3485 1082 3549 p.
1100 3465 1166 3543 16).

696 3631 838 3695 Nomius
853 3630 1095 3697 hundredorum
1110 3633 1143 3694 in
1160 3633 1320 3696 comitutu
1335 3629 1476 3714 Sulopie.

935 3770 1148 3836 ansronn.

935 3859 1162 3924 Mussnoows.

938 3947 1149 4011 Pussnnown.

940 4033 1083 4100 Ovnnns.

937 4119 1138 4186 Srornsnou.

935 4206 1141 4271 Burunsrns.

937 4293 1158 4358 Prunnrrunn.

937 4379 1147 4447 Cossnovnn.

939 4466 1066 4532 Fonnn.

934 4553 1122 4621 (inruemur.

347 4760 489 4825 Nomina
504 4760 656 4826 villorum
671 4764 707 4827 in
721 4765 878 4849 predictis
892 4765 1072 4830 hundredis
1088 4769 1124 4830 ct
1138 4765 1346 4829 dominorum
1360 4763 1535 4828 eorundem
1546 4782 1600 4824 :-

761 4926 981 4994 Huunnnuurr
1004 4947 1049 4995 nn
1069 4924 1355 4994 BRADEFORD.

434 5059 524 5124 Villa
538 5059 577 5122 de
1139 5063 1300 5127 Dominus
1315 5061 1463 5147 ejusdem

348 5198 439 5263 Anno
454 5197 668 5264 Moussunruo
771 5227 807 5247 ·-
896 5241 906 5251 -
996 5241 1006 5252 -
1053 5201 1154 5265 Fulco
1168 5201 1359 5266 Extraneus.

347 5333 457 5399 Penne
490 5365 1005 5387 ------
1052 5336 1233 5421 Episcopus
1248 5333 1431 5399 Cestreusis.

346 5463 483 5530 Wnurrn
588 5499 1004 5516 -----
1051 5467 1236 5531 wilielmus
1250 5465 1281 5529 le
1298 5461 1445 5527 Botillsr.
