4117 6209
862 643 946 714 A-D.
972 646 1176 711 ress-1285.
1706 646 1769 710 287

307 921 504 988 Ounumrorv
534 924 710 1008 guldabilis
738 931 800 1006 est,
831 947 929 1011 quarn
960 932 1055 992 tenet
1091 926 1204 992 Richir
1233 928 1273 990 de
1302 926 1493 990 Culminton
1530 927 1570 989 de
1607 925 1769 989 abbatissa

265 1007 461 1161 {impp}
489 1017 524 1075 et
553 1012 715 1076 abbatissa
745 1015 797 1079 ic.
823 1015 864 1078 de
894 1015 1027 1078 domino
1057 1036 1132 1100 rege
1160 1017 1380 1097 pertinentem
1409 1016 1450 1077 ad
1480 1013 1647 1078 baroniam
1676 1031 1768 1076 suam

306 1232 393 1296 Villa
419 1233 458 1296 de
487 1234 604 1302 Parvus
631 1237 809 1321 guldabilis
832 1245 894 1315 est,
917 1259 1015 1323 quarn
1044 1244 1134 1302 tenet
1157 1237 1334 1301 Nicholaus
1361 1237 1538 1321 Cicymond
1564 1238 1605 1300 de
1631 1235 1768 1300 Ricardo

265 1317 426 1384 Fromond
452 1321 492 1384 ad
517 1324 696 1388 terminum
714 1325 792 1406 vite,
809 1333 842 1388 et
867 1327 936 1409 ipse
962 1326 1120 1389 Ricardns
1144 1328 1184 1389 de
1208 1326 1349 1389 Robertc
1376 1325 1444 1388 filio
1469 1325 1604 1410 Pagani,
1620 1331 1656 1387 et
1678 1325 1767 1387 idem

265 1407 421 1471 liebertus
435 1409 476 1472 dc
491 1407 625 1474 dominc
640 1431 716 1494 rege
730 1413 783 1477 ic.
802 1432 857 1495 per
872 1415 1041 1476 servicium
1059 1434 1113 1478 un.
1129 1436 1175 1478 ru.

307 1545 526 1612 Kurnnrrvrcu
551 1553 587 1611 ct
614 1549 722 1615 Sacra
751 1550 895 1617 Tarsrsa
919 1570 982 1614 non
1007 1551 1200 1635 guldabiles‚
1215 1571 1313 1633 quam
1337 1551 1409 1632 (sic)
1438 1555 1530 1613 tenet
1550 1549 1711 1614 Henricus
1725 1551 1767 1613 de

265 1631 395 1716 Lortiay
409 1635 462 1699 i.c.
480 1635 520 1698 de
536 1634 667 1699 domino
682 1657 759 1721 rege
774 1657 831 1720 per
847 1639 1018 1712 servicium
1035 1639 1059 1723 j.
1076 1661 1122 1703 m.
1274 1639 1281 1650 ’

307 1770 441 1836 Cvonus
465 1792 530 1835 uon
555 1781 604 1837 est
627 1774 814 1858 guldabilis‚
840 1796 936 1860 quam
965 1781 1056 1840 tenet
1083 1776 1243 1840 Robertus
1269 1776 1309 1838 de
1335 1775 1492 1858 Drcycote
1514 1775 1555 1837 de
1578 1773 1711 1838 Simone
1726 1775 1767 1838 de

264 1856 377 1921 Monte
393 1860 508 1938 heuto,
522 1869 558 1923 et
573 1861 641 1945 ipse
657 1862 768 1924 Simon
784 1863 825 1926 de
841 1863 980 1926 Henrico
996 1865 1036 1926 de
1052 1865 1200 1926 Lortiaeo
1222 1870 1255 1925 et
1277 1863 1365 1926 idem
1388 1863 1551 1924 Henricus
1572 1862 1612 1924 de
1635 1862 1766 1926 dominc

263 1947 653 2096 ffiffuffe'ffffinmm
678 1949 719 2012 ad
746 1949 911 2013 baroniam
938 1971 1029 2014 suam
1054 1951 1094 2013 de
1121 1950 1326 2027 Cohelintcm
1341 1970 1398 2033 per
1423 1951 1596 2012 servicium
1617 1955 1766 2032 utsupra

306 2171 501 2240 Scuurrovn
526 2173 690 2239 Movrscu
717 2175 891 2258 guldabilis
916 2181 977 2255 est,
992 2197 1090 2260 quarn
1120 2182 1211 2240 tenet
1242 2174 1353 2238 Simon
1383 2174 1424 2238 de
1454 2174 1568 2238 Monte
1594 2175 1697 2238 heuto
1726 2175 1766 2238 do

263 2257 394 2322 domino
408 2280 486 2344 rege
501 2262 553 2326 i.c.
569 2281 626 2344 per
642 2263 813 2325 servicium
828 2263 853 2348 j.
871 2285 915 2329 m.

305 2396 578 2464 Wrrvsnavsnrov
604 2417 668 2461 non
694 2399 880 2482 guldabilis,
894 2421 991 2484 qnam
1017 2405 1109 2464 tenet
1137 2401 1233 2484 Hugo
1259 2399 1365 2462 Lorrel
1392 2399 1433 2461 de
1459 2397 1591 2461 domino
1615 2417 1688 2479 rege
1712 2399 1763 2462 ie.

263 2484 478 2564 pertinentem
494 2485 535 2548 ad
550 2483 715 2549 baroniam
731 2507 823 2550 suam
838 2488 879 2550 dc
895 2487 1077 2554 Karicastel
1092 2508 1152 2571 per
1166 2488 1339 2551 servicium
1355 2487 1378 2571 j.
1395 2507 1440 2551 m.

306 2621 505 2689 Onusunrou
544 2623 744 2691 Mussussos
779 2631 828 2690 cst
857 2624 1046 2709 guldabilis‚
1076 2645 1174 2708 quam
1202 2629 1295 2687 tenet
1324 2621 1486 2687 Johsnnes
1512 2621 1552 2685 de
1579 2621 1693 2704 Wescy
1724 2620 1765 2684 dc

262 2707 345 2772 dono
360 2711 484 2773 domini
500 2711 586 2795 regis
602 2713 733 2774 nominc
748 2714 893 2776 custodie
908 2714 947 2775 de
962 2711 1079 2778 herede
1094 2713 1228 2775 Roberti
1242 2711 1283 2773 de
1298 2711 1491 2794 Mussegros,
1507 2714 1540 2771 et
1562 2709 1650 2770 idem
1673 2707 1765 2772 heres

261 2800 351 2859 tenet
375 2799 427 2863 ic.
443 2798 483 2862 de
507 2798 638 2860 domina
661 2799 785 2882 regina,
809 2805 956 2863 consorte
983 2802 1081 2885 regis,
1106 2801 1327 2884 pertinentem
1352 2797 1394 2860 ad
1417 2798 1582 2860 baroniam
1607 2816 1698 2858 snam
1725 2797 1766 2860 de

263 2885 418 2964 Gammel,
432 2905 491 2969 per
506 2885 591 2971 qnod
608 2885 776 2950 servicium
792 2888 955 2972 ignorant.

886 3058 1146 3070 ———

778 3153 1000 3221 Huvnenuuu
1025 3175 1068 3219 na
1091 3154 1251 3221 COKER.

305 3287 516 3352 Veredictum
531 3287 694 3352 hundredi
709 3289 751 3352 de
767 3288 879 3355 Ccker.
926 3289 1049 3354 Dicunt
1064 3290 1121 3376 xij.
1134 3291 1305 3374 juratores,
1323 3289 1475 3352 videlicet
1491 3287 1652 3350 Radulfus
1666 3287 1766 3366 Abbe,

263 3375 401 3439 Thomas
417 3376 456 3439 de
473 3375 588 3453 Coker,
604 3375 788 3440 Willelmus
804 3377 843 3440 dc
858 3376 1055 3462 Bingeham,
1070 3375 1234 3443 Johannes
1249 3377 1378 3454 Paniot,
1401 3374 1563 3438 Henricus
1577 3375 1609 3436 le
1624 3373 1765 3450 Boteler‚

263 3462 401 3526 Jacobus
416 3463 456 3526 de
473 3462 616 3541 Fiihide,
634 3463 780 3546 Rogerus
794 3464 834 3527 de
850 3463 988 3544 Button,
1005 3465 1190 3532 Willelmus
1205 3465 1246 3527 de
1271 3463 1389 3526 Sancto
1411 3461 1514 3538 Claro,
1537 3462 1701 3523 Martinus
1722 3461 1764 3522 de

263 3548 497 3631 Clovresvscrth,
513 3551 651 3617 Walteri
666 3550 708 3613 de
723 3549 929 3631 Cheldeuall,
945 3553 1044 3637 Hugo
1061 3551 1187 3632 Fontei,
1203 3557 1237 3616 et
1254 3552 1418 3615 Martinus
1433 3549 1557 3628 Bubbe,
1574 3548 1659 3632 quod
1670 3569 1719 3609 :-

306 3818 468 3886 Johannes
494 3819 535 3882 de
561 3819 772 3884 Mauudevile
797 3825 890 3885 tenet
920 3823 989 3887 Esr
1019 3823 1132 3890 Conna
1157 3829 1192 3886 ct
1216 3823 1316 3891 Wssr
1347 3821 1461 3887 Corsa
1490 3839 1548 3902 pro
1577 3837 1633 3884 un.
1661 3817 1683 3880 f.
1710 3838 1767 3902 per

262 3908 431 3970 servicium
447 3927 501 3971 un.
518 3927 564 3974 m.
611 3908 655 3970 Et
678 3909 766 3970 idem
791 3907 957 3972 Johannes
983 3915 1075 3974 tenet
1099 3911 1139 3974 de
1164 3909 1335 3974 heredibus
1360 3908 1490 3971 comitis
1513 3907 1553 3969 de
1581 3906 1710 3970 Verncn
1724 3905 1766 3968 de

261 3991 382 4058 honore
399 3994 541 4058 Ecclesia
557 3993 677 4058 Christi
693 3996 733 4058 de
748 3994 937 4079 h'wynham,
952 4004 986 4062 st
1011 3999 1092 4061 dicti
1108 3997 1244 4062 heredes
1258 3998 1298 4059 de
1313 3997 1447 4060 domino
1470 4014 1544 4078 rege
1567 3995 1620 4058 i.c.
1638 3998 1688 4057 set
1709 4014 1768 4077 per

261 4082 344 4164 quod
360 4082 531 4144 servicium
549 4083 715 4165 ignorant.

305 4218 397 4282 idem
418 4215 581 4282 Johanues
606 4220 646 4281 de
673 4219 889 4284 Maundevrile
913 4227 1006 4286 tenet
1040 4223 1261 4289 Hssun'vcrou
1292 4221 1332 4284 da
1362 4220 1494 4282 domiuo
1527 4239 1602 4302 rege
1632 4219 1684 4282 ic.
1712 4235 1769 4301 per

262 4306 434 4368 servicium
459 4305 484 4390 j.
501 4327 546 4371 m.
562 4308 786 4390 pertinentem
812 4309 853 4370 ad
876 4309 1043 4372 baroniam
1069 4331 1159 4373 snam
1183 4311 1223 4372 de
1251 4307 1439 4384 Mersusde,
1462 4312 1513 4369 set
1528 4305 1711 4368 Willelmus
1726 4305 1767 4368 de

260 4391 639 4544 giptpeppffipltececilim
654 4414 733 4457 uxor·
748 4395 829 4478 ejus,
846 4417 932 4459 nuuc
958 4403 1035 4460 sunt
1061 4403 1208 4460 tenentes
1234 4397 1274 4459 ad
1301 4395 1480 4459 terminum
1497 4392 1564 4455 vite
1590 4413 1701 4455 eorum
1726 4393 1767 4454 de

306 4615 470 4680 Johannes
496 4617 537 4679 de
563 4615 727 4680 Dunmers
755 4622 846 4682 tenet
873 4621 986 4684 villam
1010 4621 1050 4683 de
1077 4618 1259 4686 Persuade
1284 4617 1421 4680 Ricardo
1447 4617 1485 4679 de
1509 4615 1708 4696 Pevenesye,
1734 4619 1767 4676 et

263 4703 412 4783 Isabella,
427 4723 525 4767 uxore
544 4705 625 4787 ejus,
640 4725 696 4788 per
712 4708 886 4769 servicium
904 4728 956 4770 un.
975 4729 1019 4773 m.
1035 4709 1256 4791 pertinentem
1272 4706 1313 4767 ed
1328 4705 1507 4766 manerium
1522 4702 1564 4764 de
1580 4700 1769 4765 Chisclbere

263 4799 297 4854 et
310 4791 389 4854 dicti
406 4791 565 4855 Ricardns
579 4798 614 4856 et
628 4793 770 4856 Isabella
786 4795 826 4856 de
842 4794 976 4858 domiuo
991 4815 1067 4878 rege
1081 4796 1135 4858 ic.
1544 4798 1549 4808 '

306 4931 488 4995 Willelmus
514 4932 555 4994 de
583 4930 764 5015 Bingeham
792 4937 884 4995 tenet
908 4931 1058 4998 villatam
1085 4933 1124 4996 de
1152 4931 1281 4999 Surrov
1305 4950 1363 5012 per
1386 4926 1560 4990 servicium
1584 4944 1640 4990 un.
1657 4945 1702 4990 m.
1727 4924 1768 4986 de

263 5017 401 5084 Robertc
427 5018 495 5081 filio
519 5018 657 5102 Pagani,
683 5021 906 5101 pertinentem
930 5022 971 5084 ad
1001 5021 1169 5084 baroniam
1199 5038 1291 5083 snam
1317 5018 1358 5079 de
1388 5012 1592 5099 Chauberge,
1616 5018 1650 5074 et
1679 5009 1768 5075 idern

263 5104 420 5170 Robertns
433 5105 475 5169 de
489 5106 623 5168 domino
637 5127 713 5190 rege
729 5107 784 5172 i.c.

307 5242 400 5306 Prior
415 5242 537 5304 Montis
553 5242 652 5305 Acuti
667 5246 761 5306 tenet
774 5243 889 5307 villam
905 5242 945 5307 de
961 5245 1197 5311 Gncuswoarrs
1212 5243 1253 5305 de
1278 5239 1411 5304 domino
1436 5257 1511 5321 rege
1534 5238 1587 5302 i.o.
1605 5237 1637 5298 in
1656 5255 1770 5318 puram

261 5334 295 5390 et
312 5335 502 5414 perpetuam
519 5328 743 5407 elemosinam,
758 5337 793 5394 et
808 5332 900 5394 nulla
915 5331 1133 5415 predictarum
1149 5330 1299 5392 villarum
1314 5332 1364 5390 est
1378 5324 1563 5408 guldabilis.

890 5455 1071 5464 -——-—--.
