4117 6209
954 678 1036 748 Ab.
1064 682 1159 748 1346.
1250 708 1254 714 ’
1735 683 1798 747 841

346 965 394 1029 De
409 966 599 1033 tenentibus
614 970 773 1055 tenerum
789 969 881 1035 Petri
895 970 936 1035 de
951 972 1117 1056 Aveebury
1132 993 1190 1056 pro
1205 972 1250 1037 di.
1267 973 1291 1039 f.
1306 973 1342 1035 in
1367 971 1548 1039 Lffledonb
1570 970 1656 1057 quod
1682 970 1801 1035 Petrus

303 1051 344 1117 de
358 1053 521 1140 Aveebury
536 1056 700 1142 quondam
714 1058 822 1123 tenuit
839 1058 961 1123 ibidem
1006 1098 1626 1113 -------
1714 1080 1800 1124 xxx.

503 1194 671 1258 feodorum
681 1194 771 1281 2—ij.
787 1196 810 1262 f.
827 1194 903 1283 iiij*
924 1217 999 1280 pere
1013 1201 1049 1261 eb
1065 1195 1137 1284 viij·
1157 1203 1281 1281 persei
1296 1196 1365 1283 xvj·
1385 1218 1458 1281 pars
1472 1217 1527 1265 un.
1544 1196 1568 1262 f.
1585 1218 1630 1262 m.
1645 1196 1777 1280 integri.

503 1281 710 1346 denariorum
722 1284 907 1368 z-exvij,e.
923 1284 1005 1366 vj.d.

503 1368 669 1435 feodorum
684 1371 726 1435 de
739 1371 892 1457 Morteyn
905 1370 1008 1458 :—iij.
1026 1376 1134 1456 partes
1149 1392 1205 1439 un.
1221 1371 1245 1437 f.

503 1456 708 1522 denariorum
719 1481 824 1527 z-xx.
832 1479 860 1525 a.

344 1320 477 1388 Summa

755 1833 975 1902 Humanum
997 1854 1043 1901 me
1065 1832 1352 1903 KABAMPTON.

347 1994 395 2058 De
411 1995 559 2062 Jobenne
574 1996 698 2061 Mohun
713 2020 771 2083 pro
793 2005 908 2065 octava
929 2008 1021 2088 perte
1045 2023 1101 2068 un.
1118 2002 1141 2069 f.
1156 2003 1193 2067 in
1218 2002 1421 2069 &mennon
1445 2020 1543 2086 quam
1569 1996 1735 2062 lohannes
1761 1997 1803 2061 de

304 2080 429 2147 Mohun
445 2085 609 2167 quondam
626 2088 735 2151 tenuit
750 2086 873 2152 ibidem
927 2126 1649 2143 --------
1736 2103 1802 2149 me.

219 2228 227 2241 '
346 2219 396 2283 De
421 2222 535 2285 eodem
560 2223 710 2287 Jobanne
736 2244 794 2309 pro
820 2226 866 2291 di.
884 2226 906 2293 i.
922 2226 1099 2296 Comoedi
1126 2226 1212 2311 quod
1239 2226 1404 2291 Johennes
1419 2224 1460 2289 de
1482 2222 1609 2287 Mohun
1636 2222 1803 2307 quondam

303 2309 410 2372 tenuit
423 2307 548 2373 ibidem
604 2346 1629 2367 -----------
1718 2331 1802 2375 xxa.

347 2446 396 2510 De
425 2445 575 2513 Johenne
605 2448 645 2513 de
674 2448 800 2514 Mohun
824 2470 883 2536 pro
909 2472 966 2517 un.
992 2453 1017 2518 f.
1042 2457 1077 2515 et
1100 2451 1175 2537 iiij‘·
1207 2456 1302 2535 parte
1331 2470 1387 2515 un.
1412 2450 1436 2517 f.
1462 2449 1496 2512 in
1522 2448 1715 2515 aneven
1740 2468 1804 2530 que

304 2534 488 2599 willelmus
503 2534 636 2621 Mertyn
650 2542 684 2601 el
700 2536 866 2616 Eliadum,
888 2536 997 2627 [uxor]
1019 2539 1099 2623 ejus,
1115 2539 1280 2623 quondam
1294 2542 1474 2603 tenuerunt
1489 2536 1610 2600 ibidem
1649 2574 1660 2587 ·
1749 2537 1804 2601 Le.

347 2672 397 2736 De
423 2671 554 2738 Olivero
578 2674 617 2739 de
642 2673 761 2740 Sancto
787 2676 936 2741 iohanne
961 2698 1020 2762 pro
1046 2698 1103 2744 un.
1120 2676 1144 2745 f.
1160 2679 1195 2742 in
1217 2677 1287 2746 Eeb
1313 2675 1471 2745 Loxcolssi
1486 2674 1572 2764 quod
1585 2672 1750 2738 lohannes
1763 2671 1805 2736 de

303 2761 364 2824 Eeb
377 2760 544 2825 Lokeomb
558 2762 724 2845 quondam
739 2765 848 2828 tenuit
916 2800 1637 2819 --------
1724 2759 1803 2826 xle.

348 2899 397 2963 De
424 2897 578 2985 Philippo
601 2900 643 2965 de
670 2901 836 2966 Lokeomb
859 2922 917 2985 pro
932 2923 987 2969 un.
1003 2904 1027 2969 l.
1043 2905 1079 2968 in
1094 2903 1197 2971 Wnsd
1213 2904 1372 2970 Loxcoiln
1386 2907 1421 2967 eb
1436 2901 1703 2970 Wmmmsnm
1718 2897 1805 2981 quod

304 2985 471 3051 Galiridue
485 2988 525 3051 de
540 2986 705 3053 Lokeomb
719 2990 883 3074 quondam
898 2992 1010 3055 tenuit
1120 3028 1639 3044 ------
1727 2985 1804 3052 xla.

307 3124 396 3275 'Effe
412 3123 555 3189 Roberto
570 3127 611 3190 de
627 3125 773 3211 Stokhey
787 3098 847 3210 prb
861 3126 906 3193 di.
924 3128 948 3194 f.
961 3130 996 3191 in
1013 3128 1151 3196 Pmmox
1164 3126 1251 3213 quod
1267 3126 1380 3194 Simon
1394 3126 1501 3212 Roges
1515 3123 1680 3210 quondam
1695 3122 1806 3186 lenuit

303 3233 316 3274 1
338 3233 350 3274 1
372 3232 426 3277 em
500 3252 1628 3268 ............
1717 3232 1804 3276 m,

347 3350 396 3414 De
427 3349 551 3415 'l'home
580 3351 621 3414 de
652 3350 834 3438 Oourlenay
857 3374 915 3437 pro
945 3353 990 3417 di.
1017 3350 1042 3419 f.
1068 3353 1104 3415 in
1130 3353 1275 3421 Womon
1306 3351 1393 3435 quod
1422 3349 1596 3434 Philippus
1622 3348 1804 3431 Courteney

305 3439 469 3521 quondam
484 3439 593 3503 tenuit
607 3439 730 3504 ibidem
805 3474 1630 3492 ---------
1719 3456 1804 3501 xm.

348 3574 397 3639 De
412 3572 561 3640 iohanne
576 3575 605 3639 le
620 3577 697 3641 Tort
712 3582 747 3641 et
760 3575 880 3641 herede
895 3577 984 3641 Eode
999 3578 1041 3641 de
1056 3577 1234 3642 Domelbon
1250 3597 1307 3661 pro
1323 3576 1368 3641 di.
1385 3574 1409 3641 f.
1425 3576 1461 3638 in
1477 3574 1704 3639 Tinndncoim
1719 3572 1806 3657 quod

307 3662 502 3748 Redulphue
516 3664 546 3727 le
560 3664 639 3730 Tort
655 3670 691 3730 et
705 3665 775 3729 Odo
790 3664 831 3729 de
846 3664 1024 3731 Domelton
1040 3666 1203 3749 quondum
1217 3668 1395 3731 tenuerunt
1410 3661 1532 3727 ibidem
1621 3701 1632 3712 ·
1720 3681 1805 3726 xxa.

348 3800 398 3864 De
413 3800 564 3866 Gelfrido
578 3801 619 3865 de
634 3802 735 3866 Avele
751 3823 808 3886 pro
823 3802 869 3865 di.
884 3802 908 3869 f.
924 3804 960 3867 ln
975 3804 1090 3870 Aveme
1106 3802 1193 3888 quod
1208 3802 1367 3866 Ricardue
1381 3799 1481 3864 Avele
1494 3798 1660 3883 quondam
1675 3798 1785 3860 tenuit

1718 3905 1805 3951 xm.

349 4025 399 4090 De
414 4024 533 4089 herede
548 4025 708 4089 Willelmi
723 4025 764 4089 de
780 4026 899 4092 Holme
915 4048 972 4111 pro
988 4028 1035 4095 di.
1051 4028 1074 4091 f.
1089 4029 1125 4091 in
1140 4029 1325 4096 Helicon
1341 4024 1427 4110 quod
1442 4023 1627 4095 Willelmus
1643 4020 1683 4085 de
1699 4020 1807 4084 Holne

307 4113 472 4197 quondam
486 4114 596 4179 tenuit
705 4149 1632 4169 ··········
1720 4130 1806 4175 xxa.

350 4251 399 4315 De
414 4250 435 4315 J
436 4252 562 4317 ohanne
577 4252 617 4317 de
632 4251 769 4317 Bretton
785 4273 844 4336 pro
857 4253 902 4318 di.
915 4253 937 4319 f.
947 4255 982 4318 in
993 4255 1148 4323 Bali-ron
1162 4254 1250 4339 quod
1262 4252 1424 4319 Robertue
1438 4250 1478 4315 de
1492 4248 1629 4312 Braiion
1641 4246 1805 4333 quondam

307 4340 413 4405 tenuit
428 4340 550 4404 ibidem
605 4374 1633 4395 -----------
1721 4355 1806 4400 xmo.

350 4478 398 4542 De
411 4478 531 4542 Jeoobo
546 4478 586 4541 de
601 4476 768 4565 Audelegh
785 4499 842 4564 pro
856 4478 901 4544 di.
916 4477 939 4546 f.
954 4480 991 4542 in
1008 4479 1182 4548 Silindion
1198 4479 1284 4562 quod
1298 4476 1482 4547 Willelmus
1496 4474 1627 4556 Merlyn
1643 4469 1807 4555 quondam

307 4566 415 4629 tenuit
429 4566 552 4630 ibidem
606 4597 1630 4619 -----------
1719 4580 1805 4625 xxm.

309 4793 322 4853 t
348 4702 542 4856 DetSimone
557 4701 598 4768 de
614 4703 733 4767 Meriet
756 4724 813 4787 pro
832 4702 859 4788 j.
875 4702 898 4769 f.
922 4704 958 4768 in
972 4705 1166 4774 Wmdcolm
1192 4704 1278 4789 quod
1302 4701 1404 4766 Lucia
1429 4700 1471 4763 de
1498 4697 1619 4761 Meriet
1642 4695 1806 4845 quondlam

324 4810 401 4854 enm
514 4824 1638 4844 ............
1726 4805 1745 4846 1
1763 4806 1805 4849 ,3,

350 4927 400 4993 De
428 4926 578 4993 iohanne
608 4926 767 4992 Sandhull
797 4948 855 5011 pro
884 4928 930 4997 di.
956 4931 979 4997 l.
1005 4930 1042 4995 in
1072 4930 1255 5000 Sidenum
1284 4928 1371 5015 quod
1401 4929 1546 5015 Rogems
1576 4927 1616 4991 de
1646 4925 1806 4990 Sendhull

309 5016 471 5101 quondam
485 5016 595 5079 tenuit
610 5014 733 5079 ibidem
807 5053 1629 5070 ---------
1718 5032 1805 5080 xxa.

308 5242 341 5304 te
351 5151 532 5305 Detherede
548 5152 682 5219 Roberli
698 5152 831 5237 Marlyn
854 5174 911 5237 pro
927 5154 971 5221 di.
987 5154 1009 5219 f.
1027 5156 1063 5218 in
1078 5155 1198 5223 Bnoud
1213 5154 1476 5242 quoanobertue
1490 5153 1624 5235 Marlyn
1639 5150 1805 5237 quondam

341 5261 400 5305 nm
504 5277 1632 5295 ............
1720 5260 1804 5304 m,

352 5378 399 5441 De
413 5378 583 5444 heredibus
599 5376 763 5461 Redulphi
778 5377 809 5443 le
825 5378 904 5455 'ibri
918 5384 953 5443 et
967 5378 1118 5465 Hugonie
1132 5378 1173 5443 de
1187 5378 1220 5444 le
1231 5379 1311 5444 Pole
1325 5400 1384 5463 pro
1398 5378 1446 5444 di.
1458 5377 1482 5444 f.
1493 5378 1527 5441 in
1543 5375 1709 5442 Lenem
1720 5374 1807 5460 quod

308 5464 499 5551 Redulphus
513 5464 544 5531 le
558 5465 638 5529 Tort
653 5470 688 5528 et
703 5464 803 5549 Hugo
818 5464 859 5530 de
874 5466 907 5529 le
920 5464 999 5531 Pole
1014 5466 1179 5555 quondam
1193 5472 1372 5532 tenuerunt
1385 5465 1511 5531 ibidem
1621 5500 1634 5515 ·
1722 5481 1808 5528 xm.
