4117 6209
295 657 359 724 292
928 658 1180 728 SOMEBSE'P.

344 930 443 1015 Hugo
469 932 510 995 de
535 931 697 1017 Ourtenay
720 939 812 1000 tenet
832 935 943 998 villam
966 936 1006 999 de
1029 933 1166 1002 Caunus
1189 933 1378 998 Mensam
1400 932 1441 995 dc
1466 929 1596 994 Simone
1619 929 1659 993 de
1685 928 1801 992 Monte

298 1018 414 1168 rslpupp
438 1024 474 1083 et
497 1021 585 1084 idem
608 1019 721 1084 Simon
746 1024 787 1086 de
813 1023 945 1086 domino
969 1043 1046 1106 rege
1068 1023 1121 1087 i.c.
1142 1023 1308 1105 pertinens
1325 1023 1393 1099 (sic)
1411 1019 1453 1083 ad
1471 1019 1639 1083 baroniam
1654 1035 1747 1081 snam
1761 1015 1802 1079 de

340 1125 362 1190 p
403 1127 454 1172 on.

343 1244 487 1308 Andreas
501 1245 604 1310 Wake
620 1248 699 1311 dum
714 1249 835 1312 vixerat
853 1249 965 1312 tenuit
976 1249 1088 1311 villam
1104 1247 1255 1315 deWusn
1266 1247 1418 1313 Dounulz
1433 1245 1474 1308 de
1489 1246 1608 1308 comite
1620 1242 1799 1322 Lincolnie,

300 1336 335 1394 et
357 1332 445 1395 idem
470 1354 578 1398 comcs
604 1334 644 1398 de
668 1337 800 1399 domino
825 1357 899 1420 rege
925 1338 977 1401 i.c.
994 1355 1057 1419 qua
1072 1335 1204 1418 quidem
1220 1334 1299 1397 villa
1323 1354 1411 1397 nunc
1433 1334 1538 1396 estin
1561 1352 1661 1395 manu
1676 1330 1801 1394 domini

298 1420 394 1503 regis,
411 1426 444 1483 et
459 1427 590 1485 tenetur
605 1444 663 1506 per
676 1425 847 1486 servicium
862 1444 918 1488 un.
934 1421 957 1489 f.
974 1445 1019 1488 m.

344 1556 504 1621 Walterus
527 1559 568 1622 de
596 1557 735 1644 Ortyaco
761 1566 852 1624 tenet
879 1560 990 1624 villam
1016 1559 1057 1622 de
1082 1559 1312 1625 Ennnsnnnnu
1336 1559 1377 1622 de
1404 1555 1560 1641 Philippo
1586 1557 1617 1618 la
1640 1555 1747 1633 Wars,
1767 1565 1802 1618 et

300 1643 473 1729 Philippus
488 1647 527 1708 de
542 1646 665 1710 Thomu
682 1647 713 1710 la
728 1649 834 1725 Ware,
849 1653 885 1711 et
900 1646 1040 1711 Thomas
1055 1647 1096 1710 de
1112 1646 1235 1711 Oeoilia
1250 1648 1289 1709 de
1306 1646 1396 1710 Bello
1410 1644 1545 1728 Campo,
1559 1649 1594 1707 et
1616 1642 1740 1708 cecilia
1761 1642 1801 1705 de

299 1731 621 1883 hbffilitglastonie,
637 1740 671 1797 et
696 1735 792 1798 abbas
816 1735 857 1798 ds
881 1735 1012 1798 domino
1035 1755 1113 1819 rege
1129 1735 1184 1800 i.o.
1200 1755 1259 1819 per
1273 1736 1445 1797 servicium
1461 1739 1576 1817 quarte
1591 1732 1693 1815 partis
1707 1751 1762 1794 un.
1777 1729 1800 1792 f.

345 1954 464 2020 Omnes
481 1958 556 2021 ville
580 1960 724 2043 predicte
750 1965 828 2023 sunt
848 1958 1042 2045 guldabiles,
1057 1959 1208 2023 videlicet
1223 1960 1269 2024 di.
1281 1981 1378 2024 marc.
1394 1958 1435 2022 ad
1451 1961 1585 2020 turnum
1602 1956 1804 2020 vicecomitis

300 2063 358 2126 per
372 2064 504 2107 annum.
550 2045 700 2111 Preterea
723 2046 885 2110 Henricus
910 2047 950 2109 de
977 2046 1119 2129 Urtyaco
1142 2052 1234 2109 tenet
1260 2047 1440 2110 manerium
1466 2045 1507 2109 de
1531 2045 1710 2112 (lonicum
1735 2045 1803 2106 suis

300 2131 511 2214 pertinenciis
537 2134 634 2197 simul
662 2155 736 2198 cum
761 2133 927 2196 hundredo
951 2135 1016 2196 isto
1039 2135 1080 2197 de
1096 2134 1230 2197 domino
1244 2154 1319 2218 rege
1334 2135 1388 2199 i.c.
1403 2153 1461 2214 per
1476 2133 1647 2196 servicium
1664 2131 1701 2217 ij.
1718 2131 1742 2196 f.
1758 2150 1804 2196 m.

300 2237 358 2282 nec
388 2223 438 2282 est
466 2220 643 2304 guldabilis
673 2223 738 2284 nisi
766 2222 809 2284 ad
837 2240 1042 2284 communem
1080 2221 1336 2285 misericordiam
1374 2221 1479 2284 tocius
1516 2221 1693 2284 comitatus
1729 2238 1802 2282 cnm

301 2307 493 2370 amerciatus
508 2307 656 2372 fueritin
670 2311 799 2373 itinere.

345 2441 494 2507 Preterea
508 2443 671 2510 walterus
693 2446 735 2510 de
758 2445 899 2528 Urtyaco
922 2449 1015 2508 tenet
1031 2444 1142 2508 villam
1165 2445 1206 2509 ds
1226 2445 1364 2512 sverm
1380 2442 1421 2507 de
1435 2443 1577 2507 Henrioo
1592 2445 1632 2508 de
1647 2443 1801 2527 Urtyaco,

301 2535 336 2593 et
351 2529 512 2594 Henricus
527 2531 567 2595 de
582 2533 715 2597 domino
730 2553 804 2616 rege
819 2533 873 2598 i.c.
891 2532 1110 2616 pertinentem
1126 2532 1168 2596 ad
1183 2533 1347 2596 baroniam
1363 2551 1457 2594 suam
1472 2532 1507 2593 iu
1524 2529 1732 2608 Colrelinton,
1745 2551 1804 2594 nec

302 2621 351 2681 est
365 2618 541 2702 guldabilis
555 2621 620 2683 nisi
635 2627 698 2686 eto.

345 2751 546 2836 Reginsldus
561 2755 601 2818 de
613 2753 766 2838 Wythelo
777 2759 867 2820 tonet
878 2755 991 2819 villam
1003 2755 1044 2818 de
1054 2755 1227 2822 Wrrnnus
1243 2753 1284 2817 de
1296 2773 1372 2837 rege
1386 2752 1440 2816 i.c.
1452 2751 1615 2815 reddendo
1630 2772 1732 2816 unum
1749 2775 1806 2838 par

301 2838 473 2903 calcarium
489 2851 784 2924 superauratorum.

345 2975 503 3041 Ricardus
519 2977 633 3064 Bissop
647 2985 683 3042 et
697 2979 880 3047 Willelmus
895 2978 1017 3042 Paskee
1031 2983 1145 3042 tenent
1160 2979 1337 3043 Boonsnnn
1357 2977 1398 3040 de
1419 2973 1568 3040 Jobanne
1589 2974 1629 3038 ds
1650 2974 1804 3059 Msrybet

301 3063 342 3127 de
357 3083 431 3149 rege
446 3066 499 3131 i.c.
517 3087 573 3150 per
588 3067 763 3130 servicium
778 3069 878 3130 tercie
894 3068 996 3151 partis
1010 3063 1036 3154 j.
1053 3065 1076 3130 f.
1093 3087 1139 3132 m.
1156 3064 1328 3130 Mortonie.

353 3199 420 3289 [On
450 3226 472 3268 o
501 3205 563 3287 stip
593 3205 632 3287 of
650 3205 838 3288 parchment
867 3205 1014 3270 cambati
1044 3215 1076 3269 to
1101 3204 1151 3268 the
1176 3199 1253 3288 roll]
1285 3200 1456 3265 Gallridus
1481 3199 1522 3262 da
1548 3197 1689 3263 Stanton
1712 3204 1805 3265 tenet

306 3289 326 3355 ⁹.
343 3291 504 3376 virgatam
520 3297 603 3354 terre
618 3293 653 3355 in
669 3293 832 3378 sergentia
846 3293 882 3356 in
897 3293 1108 3358 Busnnvvurn
1123 3288 1164 3353 de
1178 3290 1352 3353 heredibus
1367 3289 1524 3352 Johannis
1549 3286 1590 3348 de
1615 3286 1756 3370 Bryves,
1770 3292 1804 3352 et

301 3311 432 3442 beredes
454 3378 536 3442 dicti
559 3378 719 3442 Johannis
741 3380 781 3443 de
804 3379 933 3464 Brywes
949 3379 990 3442 de
1005 3378 1148 3442 Henrico
1162 3376 1203 3441 de
1219 3377 1371 3460 Urtysco‚
1388 3381 1424 3439 et
1437 3374 1600 3439 Henricus
1615 3374 1655 3437 de
1670 3373 1804 3440 Urtiaoo

302 3465 342 3528 de
372 3466 505 3529 domino
532 3486 610 3552 rege
634 3468 686 3532 i.c.
714 3488 789 3530 curn
814 3469 931 3530 ceteris
956 3467 1052 3530 terris
1078 3468 1156 3531 suis.
1201 3465 1245 3527 Et
1274 3462 1440 3549 predictus
1466 3460 1635 3526 Galfridus
1661 3463 1804 3527 inveniet

302 3552 465 3616 bedellum
480 3554 520 3617 de
536 3554 685 3617 Abbedilr
701 3554 740 3617 sd
758 3555 901 3619 debitam
918 3557 986 3633 (sic)
1001 3554 1126 3616 domini
1142 3553 1228 3637 regis
1243 3551 1425 3629 levandam,
1437 3556 1470 3614 et
1488 3550 1670 3613 vicecomiti
1685 3555 1719 3612 et
1733 3551 1806 3614 aliis

303 3641 463 3704 ministris
478 3641 602 3704 domini
617 3643 703 3726 regis
718 3642 937 3727 respondebit.

712 3989 932 4056 Huunsnnun
954 4011 999 4056 nn
1020 3987 1399 4056 ANDREDESFELD.

347 4123 559 4187 Veredictum
593 4124 756 4190 hundredi
789 4129 829 4191 de
860 4127 1112 4192 Andredeeielde
1145 4127 1269 4190 factum
1302 4145 1360 4210 per
1383 4125 1588 4190 Willelmnm
1618 4125 1736 4192 Fichet
1767 4130 1808 4193 de

304 4209 464 4295 Merigge,
479 4211 643 4296 Rogsrum
657 4214 696 4276 de
712 4212 890 4295 Gaburste‚
903 4215 1109 4278 Willelmum
1125 4215 1166 4278 ds
1182 4211 1397 4289 Lekeswrthi,
1411 4212 1592 4277 Walterum
1615 4215 1654 4278 de
1670 4213 1809 4294 Caninii,

304 4297 510 4362 willelmum
525 4301 565 4363 de
582 4298 765 4382 Bereforde,
780 4303 916 4366 Petrum
932 4304 973 4366 de
988 4302 1166 4380 Hnlsville‚
1183 4300 1390 4369 Willelmum
1412 4299 1452 4362 de
1475 4299 1631 4381 Ludacte,
1648 4301 1807 4366 Thomam

306 4385 346 4448 de
361 4384 394 4448 la
407 4385 485 4463 Tur,
512 4387 690 4452 Robertum
714 4390 804 4468 Trot,
828 4389 1013 4454 Gilbertum
1037 4392 1078 4453 de
1104 4389 1262 4468 Halsden,
1281 4388 1459 4451 liobertnm
1476 4388 1516 4452 de
1530 4387 1759 4470 chomeford‚
1774 4397 1810 4456 et

306 4471 471 4557 Rogsrum
486 4474 528 4538 de
544 4475 636 4541 Aera.

928 4615 1188 4630 ———-

350 4724 474 4790 Dicunt
487 4727 573 4812 qnod
584 4753 639 4798 :—

350 4899 510 4968 Walterus
525 4902 566 4966 de
580 4903 612 4967 la
628 4903 741 4989 Lyndc
756 4912 849 4975 tenet
860 4908 1006 4972 villatam
1018 4910 1060 4972 ds
1071 4909 1275 4975 Bsonrnnon
1287 4907 1327 4970 de
1338 4904 1489 4971 Johanns
1500 4908 1539 4971 de
1551 4907 1664 4988 Moun,
1676 4911 1808 4975 domino

306 4987 347 5050 de
363 4987 536 5069 Dunstere,
550 4995 586 5054 et
601 4992 690 5056 idem
706 4993 873 5060 Johannos
889 4997 929 5059 de
945 4997 1078 5060 domino
1092 5016 1181 5081 rege,
1194 5005 1229 5059 et
1244 5000 1296 5059 est
1308 4995 1332 5080 1'.
1349 4994 1372 5060 f.
1388 5016 1434 5061 m.

350 5127 535 5196 Willelmus
558 5128 673 5195 Ficbet
702 5137 796 5196 tenet
810 5133 959 5198 villatam
985 5135 1026 5200 ds
1053 5135 1216 5200 Mamoon
1240 5133 1281 5196 de
1307 5129 1458 5196 Johanns
1483 5133 1524 5196 de
1546 5130 1763 5197 columbariis
1776 5139 1811 5199 et

307 5215 415 5279 dictus
429 5215 594 5281 lohannes
609 5219 650 5282 de
665 5219 798 5283 domino
813 5242 899 5306 rege,
915 5229 949 5285 et
965 5227 1015 5286 est
1030 5223 1076 5287 di.
1092 5223 1116 5286 f.
1132 5243 1178 5287 m.

350 5351 515 5416 Johannes
531 5353 631 5418 Melet
647 5362 741 5420 tenet
756 5357 904 5423 villatam
920 5359 960 5424 de
974 5359 1145 5427 Ensusnn
1160 5359 1201 5422 de
1217 5357 1343 5422 Ceoilia
1357 5357 1399 5420 de
1414 5357 1506 5422 Bello
1521 5355 1653 5442 Campo,
1669 5363 1702 5422 et
1723 5359 1812 5423 dicta

306 5439 426 5505 (lecilia
440 5440 483 5504 ds
496 5441 614 5506 abbate
629 5444 810 5530 Glastonic‚
827 5455 862 5512 st
876 5448 984 5512 dictus
997 5448 1097 5514 abbas
1110 5446 1152 5511 de
1167 5447 1299 5510 domino
1313 5465 1398 5531 rege.
