4117 6209
934 695 1016 764 A-D.
1043 701 1138 768 1346.
1725 702 1789 767 243

328 979 491 1046 Henricns
515 984 547 1047 le
572 981 741 1050 Mortimer
766 991 860 1053 tenet
883 987 1047 1055 Munsnon
1070 1009 1127 1072 pro
1149 988 1195 1053 di.
1211 988 1235 1055 f.
1262 990 1348 1075 qnod
1365 989 1551 1054 willelmus
1575 991 1615 1054 de
1639 989 1787 1054 Mulston

284 1068 420 1133 condam
434 1072 544 1135 tenuit
559 1071 600 1136 de
614 1071 710 1136 feodo
724 1072 861 1139 Robsrti
876 1075 918 1140 de
933 1076 1067 1140 Mortuo
1081 1075 1178 1142 Mari.

327 1207 435 1292 Agnes
451 1209 492 1272 de
507 1209 650 1293 Elbruge
665 1217 758 1277 tenet
774 1212 940 1280 Tnsnopn
956 1235 1014 1296 pro
1028 1215 1132 1277 tercia
1148 1218 1240 1297 parte
1250 1215 1278 1298 j.
1295 1213 1319 1280 f.
1335 1233 1381 1281 m.
1397 1234 1496 1297 quam
1519 1167 1721 1278 Icherevsard
1744 1215 1785 1277 de

284 1293 435 1379 Tilshope
450 1297 584 1360 condam
601 1299 713 1362 tenuit
727 1299 767 1362 de
781 1301 874 1364 feodo
888 1302 971 1365 dicti
987 1300 1134 1367 Roberti.

327 1431 512 1500 Willelmus
537 1436 579 1500 de
602 1437 634 1500 la
661 1437 762 1501 Hulle
787 1438 829 1501 de
850 1438 1016 1503 Wetemor
1038 1445 1128 1504 tenet
1143 1401 1400 1504 nameletum'de
1415 1441 1612 1507 Wnnanonn
1627 1461 1684 1525 pro
1699 1461 1785 1504 nona

284 1527 377 1605 parte
390 1523 414 1609 j.
431 1524 454 1587 f.
470 1543 568 1608 quam
583 1523 747 1589 lohannes
763 1524 893 1611 Stormy
908 1527 1046 1590 condam
1061 1529 1171 1592 tenuit
1185 1528 1226 1591 de
1241 1526 1335 1592 feodo
1349 1528 1434 1592 dicti
1450 1528 1596 1592 Roberti.

330 1655 484 1722 Ricardus
509 1658 550 1724 ds
577 1658 748 1724 Hakeston
773 1667 808 1724 et
823 1661 1007 1726 Willelmus
1021 1663 1127 1747 Aleyn
1152 1667 1269 1728 tenent
1293 1664 1431 1732 Gnaosa
1455 1669 1490 1728 et
1518 1665 1626 1732 Snosa
1648 1685 1705 1749 pro
1720 1665 1743 1752 j.
1759 1664 1782 1731 f.

282 1743 368 1828 quod
384 1743 552 1810 Galfridus
566 1748 607 1810 de
623 1746 746 1812 Greote
772 1749 911 1813 condam
936 1753 1046 1814 tenuit
1072 1751 1115 1814 de
1139 1751 1233 1814 feodo
1258 1751 1342 1816 dicti
1365 1751 1510 1832 Robsrti,
1535 1752 1664 1836 dequo
1689 1751 1784 1816 feodo

281 1832 389 1895 dictus
404 1831 561 1898 Ricardus
575 1836 617 1899 de
633 1834 804 1900 Hakeston
820 1841 914 1900 tenet
929 1838 1008 1901 duas
1023 1844 1131 1922 partes
1147 1840 1182 1901 in
1198 1840 1346 1906 Ganonn.

326 1969 471 2054 Rogatus
486 1970 527 2037 ds
542 1970 676 2037 clifford
689 1978 783 2040 tenet
796 1976 996 2040 hameletum
1012 1978 1051 2041 de
1065 1978 1209 2044 Wnsnon
1226 1997 1301 2040 cum
1316 1979 1383 2042 suis
1398 1978 1611 2060 pertinenciis
1626 1998 1683 2061 pro
1697 1978 1742 2041 di.
1758 1977 1781 2042 f.

282 2058 369 2140 qnod
383 2057 530 2143 Rogems
544 2061 585 2125 de
601 2061 733 2126 clifford
749 2063 885 2127 condam
900 2065 1010 2128 tenuit
1025 2063 1065 2128 de
1080 2063 1174 2128 feodo
1190 2066 1273 2128 dict-i
1289 2063 1434 2130 Robsrti.

324 2196 491 2263 iohannes
506 2197 623 2265 Corbet
640 2206 733 2265 tenet
749 2202 962 2269 Tannsscnn
977 2209 1010 2266 et
1027 2203 1215 2269 Manannon
1240 2223 1298 2287 pro
1314 2203 1359 2268 di.
1375 2201 1399 2269 f.
1415 2202 1502 2285 quod
1517 2202 1622 2265 Adam
1637 2203 1783 2267 Arundel

281 2286 416 2350 condam
432 2289 541 2352 tsnnit
557 2287 598 2352 de
613 2287 707 2352 feodo
722 2289 803 2353 dicti
817 2290 964 2355 Roberti.

324 2422 490 2489 Johannes
519 2425 560 2489 de
591 2424 697 2490 Frene
727 2433 763 2490 et
792 2427 976 2492 Willelmus
1006 2427 1046 2492 de
1076 2427 1211 2496 clifford
1240 2432 1355 2492 tenent
1385 2427 1482 2493 Nasu
1519 2426 1718 2505 Bannnwnn,
1749 2435 1783 2492 et

280 2509 480 2576 hameletum
496 2513 537 2578 de
550 2512 713 2582 Wmnnon
729 2535 785 2596 pro
795 2514 822 2599 j.
839 2514 861 2578 f.
877 2515 964 2598 quod
980 2516 1148 2578 Walterus
1161 2515 1203 2578 de
1218 2515 1297 2578 Esse
1312 2520 1347 2578 et
1370 2516 1547 2598 participes
1570 2517 1621 2578 sni
1646 2513 1782 2579 condam

280 2604 457 2665 tennerunt
471 2600 510 2663 de
526 2599 620 2664 feodo
634 2601 717 2665 dieti
734 2601 879 2680 Roberti‚
893 2604 979 2667 unde
994 2603 1158 2671 Wmnnon
1176 2609 1226 2667 est
1240 2622 1326 2665 nona
1341 2621 1414 2686 pars
1427 2607 1452 2666 t.

297 2771 300 2774 ·
323 2739 440 2804 Petrus
455 2738 495 2804 ds
510 2738 652 2805 Overton
667 2745 758 2805 tenet
774 2741 906 2808 Connns
921 2762 979 2826 pro
994 2741 1041 2808 di.
1057 2741 1081 2807 f.
1108 2741 1195 2829 quod
1220 2739 1386 2804 Galfridns
1413 2741 1451 2804 de
1477 2739 1620 2805 Overton
1646 2742 1782 2805 condam

279 2829 390 2891 tenuit
403 2827 443 2892 de
458 2825 554 2892 feodo
567 2825 686 2912 Rogeri
703 2828 744 2892 dc
759 2829 892 2892 Mortuo
906 2828 1005 2895 Mari.

325 2964 494 3042 Ricardus,
521 2984 626 3028 eomes
649 2963 851 3044 Arundellie,
878 2970 971 3030 tenet
995 2966 1135 3032 Hannns
1159 2985 1235 3029 eum
1258 2966 1471 3050 pertinenciis
1497 2966 1622 3050 prodi.
1647 2965 1671 3030 i.
1695 2968 1782 3050 quod

280 3053 424 3156 Rogems
439 3050 479 3116 de
495 3051 637 3117 Foxcote
651 3057 685 3116 et
699 3053 876 3137 participes
891 3055 941 3116 sni
957 3054 1095 3116 condam
1111 3058 1290 3118 tennerunt
1305 3054 1346 3116 de
1361 3052 1454 3117 feodo
1465 3051 1586 3138 Rogeri
1598 3051 1637 3116 de
1652 3052 1782 3118 Mortuo

278 3141 375 3206 Man.

323 3252 508 3318 Willelmna
537 3251 625 3316 filins
653 3250 814 3316 Johannis
842 3253 883 3316 de
912 3253 944 3316 la
969 3253 1070 3316 Hulle
1092 3257 1185 3316 tenet
1209 3251 1306 3319 Hona
1330 3253 1466 3319 Bacnan
1489 3272 1547 3334 pro
1573 3251 1619 3318 di,
1646 3253 1669 3321 f.
1693 3253 1781 3338 quod

280 3338 440 3406 Robsrtus
455 3338 583 3424 Bagard
598 3340 734 3404 condam
749 3341 856 3404 tenuit
872 3338 911 3404 de
926 3339 1020 3404 fs'odo
1035 3339 1117 3403 dicti
1133 3338 1263 3425 Rogati.

323 3477 467 3562 Rogerus
490 3476 532 3540 de
558 3474 710 3540 Whitton
734 3481 824 3541 tenet
853 3477 960 3545 Saonn
984 3497 1044 3560 pro
1068 3477 1115 3543 di.
1131 3478 1154 3542 f.
1181 3475 1266 3563 quod
1290 3475 1465 3560 Philippus
1489 3477 1530 3542 ds
1544 3476 1677 3542 Mortuo
1691 3478 1778 3542 Mari

279 3566 416 3629 condam
431 3565 540 3629 tenuit
553 3564 597 3628 ds
610 3563 705 3628 feodo
718 3564 800 3628 dicti
815 3563 944 3649 Rogeri.

321 3702 438 3767 Petrus
454 3702 495 3766 de
511 3701 631 3765 Greote
646 3706 738 3766 tenet
755 3703 954 3769 Ascnnsonn
969 3703 990 3770 J
992 3722 1075 3768 onas
1088 3721 1147 3787 pro
1160 3702 1206 3767 di.
1224 3701 1248 3767 f.
1265 3701 1351 3787 qnod
1365 3698 1532 3765 Johannes
1546 3699 1587 3764 da
1602 3698 1778 3765 Ascheford

278 3791 413 3854 condam
429 3790 536 3852 tenuit
550 3790 589 3853 de
605 3788 699 3854 feodo
713 3789 794 3854 dicti
811 3791 940 3875 Rogeri.

323 3925 483 4010 Elyanora
507 3925 548 3988 de
574 3925 734 4011 Bitterley
762 3932 851 3990 tenet
878 3926 1069 3993 Binnnnnan
1091 3947 1150 4011 pro
1173 3925 1197 3992 i.
1213 3925 1237 3991 f.
1261 3925 1346 4011 quod
1363 3923 1547 4010 Stephanus
1561 3925 1602 3989 de
1618 3924 1778 4009 Bitterley

278 4014 415 4079 condam
430 4014 540 4076 tenuit
555 4013 596 4076 de
611 4014 705 4078 feodo
723 4013 855 4078 Walteri
871 4014 912 4078 de
928 4013 1003 4099 Say.

322 4151 366 4214 Et
379 4151 494 4216 dicunt
508 4155 572 4217 ete.
592 4157 639 4231 (aa
655 4153 782 4234 before).

704 4363 940 4452 [Hnnnnaonn
963 4360 1022 4452 nn]
1052 4365 1357 4434 BREMISTREE.

320 4503 499 4588 Inquisinio
514 4509 608 4587 capta
623 4502 710 4588 apud
725 4502 874 4568 Ideshale
888 4503 943 4566 die
958 4503 1054 4567 Lune
1079 4504 1225 4586 proxima
1250 4506 1323 4586 post
1348 4502 1470 4567 festum
1493 4498 1604 4566 Sancti
1631 4502 1778 4566 Barnnbe

277 4591 438 4674 Apostoli,
465 4595 529 4656 etc.
563 4596 610 4674 (cs
640 4592 768 4675 before),
800 4611 857 4674 per
886 4597 1121 4654 sacramentum
1152 4590 1312 4654 Willelmi
1342 4590 1381 4653 de
1410 4590 1588 4668 Ieverscte
1620 4589 1777 4654 Johannis

276 4677 450 4762 Deveroys,
465 4679 622 4743 Johannis
638 4677 761 4757 Onfrei‚
774 4677 901 4741 Thome
916 4678 957 4741 de
974 4676 1124 4755 Gntaere,
1136 4677 1270 4741 Henrici
1285 4677 1326 4741 de
1342 4676 1564 4759 Bishipestcn,
1576 4677 1707 4742 Ricardi
1723 4678 1775 4741 del

276 4764 470 4843 Wodehous‚
495 4763 654 4828 Johannis
683 4766 724 4828 de
754 4765 952 4849 Stonynton,
981 4763 1141 4830 Johannis
1171 4766 1210 4828 de
1239 4763 1409 4844 Gronhnll,
1439 4761 1561 4828 Thome
1591 4766 1632 4830 da
1660 4765 1776 4849 tipice,

276 4851 401 4938 Psgani
416 4853 457 4916 de
471 4852 503 4915 la
517 4851 648 4930 Knolle,
663 4851 823 4916 Johannis
837 4854 878 4917 de
900 4853 1062 4933 Eudenas
1088 4859 1121 4917 et
1144 4852 1303 4917 Johannis
1329 4851 1370 4915 de
1397 4849 1558 4933 Esseleye‚
1580 4854 1637 4935 qui
1662 4853 1776 4916 dicunt

275 4959 331 5022 per
345 4945 583 5004 sacramentnm
598 4960 694 5004 suum
709 4939 793 5024 quod
805 4964 858 5004 :-

321 5100 479 5166 Ricardus
503 5103 544 5166 de
573 5101 767 5188 nuggsford
797 5106 890 5166 tenet
920 5102 1133 5168 choasosn
1161 5121 1236 5164 cum
1265 5101 1419 5166 membris
1448 5103 1516 5165 snis
1544 5103 1578 5164 in
1608 5102 1778 5165 hundredo

277 5188 421 5274 predicto
445 5209 502 5274 pro
526 5189 575 5276 iij.
589 5191 613 5256 f.
629 5211 675 5256 m.
701 5209 764 5276 que
790 5189 952 5254 walterus
975 5189 1015 5253 de
1041 5188 1233 5274 Huggeford
1259 5191 1421 5273 qnondam
1447 5191 1555 5253 tenuit
1581 5189 1623 5252 de
1645 5189 1777 5252 baronia

275 5275 432 5342 Willelmi
448 5277 508 5341 filii
525 5278 631 5343 Alani.

319 5414 504 5479 Willelmns
527 5413 568 5478 de
592 5413 698 5493 Boun,
723 5435 829 5479 comes
855 5413 1119 5496 Northamtonie‚
1146 5417 1240 5477 tenet
1264 5413 1443 5478 manerium
1467 5412 1510 5478 de
1536 5413 1705 5481 Innsnana
1720 5432 1777 5501 pro

270 5498 298 5587 j.
314 5501 338 5568 f.
354 5507 388 5568 et
403 5502 449 5570 di.
467 5501 507 5566 de
522 5506 608 5566 terra
625 5502 760 5572 Walteri
775 5503 816 5574 de
831 5501 1091 5571 Dounstanville.
