4117 6209
888 689 970 755 A.D.
996 694 1091 758 1346.
1674 693 1736 761 179

280 962 419 1028 Thomas
435 967 475 1030 de
490 969 684 1055 Addurbury
698 977 731 1035 et
747 973 887 1038 Thomas
901 975 1032 1040 Holond
1048 982 1164 1040 tenent
1190 977 1215 1062 j.
1233 977 1256 1042 f.
1273 998 1318 1042 m.
1334 977 1370 1039 in
1388 976 1582 1044 Srnnnrosn
1598 977 1737 1053 Genera,

238 1051 324 1136 quod
339 1053 502 1136 quondam
517 1058 582 1122 fuit
597 1059 719 1124 Thome
734 1060 775 1124 de
790 1060 956 1146 Broghton
972 1071 1007 1126 et
1022 1063 1164 1127 Simonis
1181 1064 1425 1128 Briddesthorn.

280 1188 420 1252 Thomas
434 1190 476 1254 de
495 1193 624 1258 Holond
640 1200 731 1260 tenet
745 1198 769 1283 j.
786 1199 809 1262 f.
826 1220 871 1264 m.
888 1201 924 1262 in
941 1201 1129 1268 Smnsroau
1146 1203 1297 1279 Gownss,
1322 1200 1408 1264 unde
1423 1202 1521 1265 abbas
1537 1202 1577 1265 de
1593 1200 1736 1282 Oseneye

237 1281 329 1339 tenet
354 1278 497 1362 quinque
520 1281 662 1366 virgatas
687 1291 772 1347 terre
794 1281 868 1372 [pro
890 1284 957 1373 oct]
979 1309 1039 1351 ava
1064 1293 1155 1371 parte
1181 1288 1205 1353 f.
1223 1289 1360 1370 predicti
1384 1300 1419 1351 et
1444 1291 1529 1371 prior
1554 1287 1735 1371 Hospitalis

238 1359 350 1426 Sancti
365 1362 526 1431 Johannis
540 1367 721 1433 Jerusalem
736 1372 794 1457 xij.
812 1374 954 1458 virgatas
969 1381 1056 1438 terre
1079 1375 1120 1438 de
1144 1375 1168 1440 f.
1185 1375 1331 1458 predicto
1355 1395 1413 1457 pro
1438 1381 1554 1458 quarta
1582 1380 1675 1459 parte
1701 1379 1735 1436 ct

238 1449 417 1514 medietate
432 1452 558 1517 decime
573 1459 675 1539 pertis
691 1456 713 1521 f.
729 1459 879 1541 predicti.

280 1587 418 1652 Thomas
434 1589 523 1655 Wale
538 1597 631 1657 tenet
644 1594 669 1680 j.
687 1596 709 1659 f.
726 1597 761 1659 in
778 1596 944 1676 Damon,
961 1597 1047 1682 quod
1063 1599 1227 1681 quondam
1242 1599 1306 1662 fuit
1322 1599 1453 1662 Ricardi
1468 1599 1509 1664 de
1526 1600 1679 1665 Arderne.

237 1722 442 1869 VJohannes
457 1727 583 1793 Vemon
599 1736 690 1796 tenet
704 1733 749 1798 di.
766 1734 790 1798 f.
817 1735 852 1797 in
879 1734 1102 1813 Hnnrwnnnn
1127 1737 1212 1821 quod
1236 1737 1398 1820 quondam
1426 1737 1491 1800 tuit
1517 1737 1681 1820 Radulphi
1706 1737 1735 1799 le

266 1832 374 1878 arnon.

280 1951 462 2016 Almaricua
476 1955 516 2018 de
532 1952 649 2019 Sancto
665 1957 813 2020 Amando
827 1963 919 2022 tenet
933 1960 958 2046 j
975 1960 998 2024 f.
1014 1960 1050 2022 in
1067 1960 1240 2027 Broxmn.

280 2087 419 2152 'ihomas
434 2089 475 2153 de
491 2090 659 2175 Beddeby,
676 2092 836 2158 Robertus
851 2095 891 2158 de
907 2095 1071 2176 Bereford,
1088 2105 1121 2160 et
1137 2097 1249 2161 Simon
1264 2099 1304 2162 de
1319 2098 1520 2162 Pilardeston
1537 2105 1654 2162 tenent
1668 2101 1693 2184 j.
1710 2101 1733 2164 f.

237 2174 763 2330 ispffiplrissrpssogffirggsgpondam
780 2181 843 2246 fuit
863 2183 1019 2246 Willelmi
1035 2185 1076 2248 de
1092 2183 1279 2270 Spaldinge,
1292 2184 1457 2269 Radnlphi
1472 2187 1511 2249 de
1528 2185 1690 2265 Bereford,
1702 2193 1735 2249 et

279 2398 380 2464 Fulco
394 2401 435 2465 de
451 2402 586 2467 Holcote
598 2408 689 2468 tenet
703 2405 728 2491 j.
738 2407 761 2471 f.
772 2406 807 2468 in
823 2406 991 2487 Honoorn,
1002 2409 1088 2492 quod
1100 2408 1263 2491 quondam
1279 2409 1342 2472 fuit
1355 2408 1512 2474 Johannis
1526 2410 1567 2474 de
1583 2409 1733 2476 Holcote.

237 2537 461 2689 cidlmarticus
487 2540 527 2603 de
551 2538 670 2605 Sancto
685 2542 834 2606 Amando
858 2548 951 2608 tenet
975 2545 1000 2630 j.
1017 2543 1041 2610 f.
1063 2546 1100 2607 in
1115 2547 1329 2625 Araharium,
1347 2566 1412 2610 una
1427 2567 1501 2609 cum
1517 2547 1634 2610 abbate
1657 2544 1728 2633 [de]

275 2645 384 2690 rences
400 2647 444 2691 re.

237 2762 438 2934 fingeniicus
453 2765 495 2828 de
512 2764 663 2850 Haggels
679 2771 773 2830 tenet
794 2766 818 2847 j.
834 2766 857 2832 f.
873 2768 1132 2848 inhaesurum,
1152 2770 1237 2854 quod
1254 2770 1416 2852 quondam
1432 2771 1496 2835 fuit
1512 2770 1678 2834 Edmundi
1693 2770 1734 2833 de

312 2870 352 2935 ge
366 2871 394 2916 e.

280 2985 441 3050 Rohertus
467 2986 499 3050 le
525 2986 659 3072 Symple
686 2995 721 3052 et
745 2989 912 3054 Johannes
938 2992 1037 3075 Wyot
1062 2997 1179 3057 tenent
1203 2994 1249 3058 di.
1265 2993 1287 3056 f.
1304 3015 1348 3059 m.
1366 2993 1401 3057 in
1420 2993 1525 3059 Panvs
1540 2994 1734 3074 Bsnnronn,

237 3073 322 3156 quod
336 3074 500 3158 quondam
514 3075 578 3138 fuit
594 3076 730 3139 duarum
746 3077 887 3140 filiarum
902 3077 1107 3144 etheredum
1122 3080 1297 3164 Reginaidi
1310 3081 1352 3144 de
1367 3080 1531 3146 Bereford.

279 3209 417 3272 Thomas
441 3210 482 3274 de
508 3209 648 3275 Beaufoe
673 3215 763 3276 tenet
786 3213 848 3299 iiij.
865 3220 992 3296 partem
1003 3215 1031 3300 j.
1048 3215 1072 3281 f.
1089 3218 1124 3279 in
1141 3218 1248 3283 Pssvs
1264 3217 1456 3297 Bassachis,
1471 3219 1558 3303 quod
1573 3221 1735 3304 quondam

236 3295 302 3360 fuit
316 3296 435 3382 Rogeri
450 3297 490 3361 de
506 3297 658 3365 Beaufoe.

236 3434 438 3585 filhligbergus
452 3434 541 3538 {ilius
555 3435 701 3518 Gydoniu
716 3442 809 3500 tenet
824 3438 869 3503 di.
887 3437 910 3502 f.
926 3439 961 3501 in
976 3440 1172 3519 Wuomron,
1189 3442 1274 3522 quod
1300 3441 1462 3525 quondam
1489 3441 1552 3504 fuit
1578 3442 1734 3508 Johannis

345 3542 385 3606 uy
410 3542 492 3587 onis.
1770 3565 1771 3568 π

279 3653 446 3718 Johannes
469 3660 540 3719 atte
564 3655 662 3719 Halle
686 3661 783 3720 tenet
806 3657 852 3721 di.
869 3657 891 3722 f.
917 3658 952 3720 in
979 3659 1181 3739 Bshuscors,
1210 3660 1296 3744 quod
1319 3659 1483 3742 quondam
1499 3661 1564 3724 luit
1579 3662 1733 3727 heredum

238 3739 371 3805 Walteri
384 3742 424 3804 de
439 3740 630 3808 Ceroedene.

280 3880 324 3944 Et
338 3881 438 3944 nichil
453 3881 494 3943 da
510 3880 612 3944 feodis
626 3881 699 3943 aliis
714 3882 749 3944 in
764 3879 933 3944 hundredo
958 3881 1115 3964 predicto,
1131 3902 1189 3945 neo
1215 3881 1295 3946 alibi
1319 3883 1457 3946 ulterius
1473 3886 1558 3948 sicut
1572 3885 1679 3949 dicere
1694 3887 1735 3951 ad

237 3987 376 4050 presens.
424 3968 466 4031 In
480 3967 573 4049 cujus
588 3969 636 4030 rei
650 3974 712 4032 etc.

644 4258 865 4324 Hunnsnnou
887 4280 930 4323 nn
953 4257 1322 4346 POGH[DALOWE].

281 4419 458 4505 Inquisicio
472 4426 569 4502 capta
583 4420 669 4502 apud
685 4419 843 4484 Oxoniam
858 4421 912 4484 die
927 4420 1018 4484 Jovis
1036 4423 1181 4504 proxima
1196 4423 1317 4484 festum
1335 4425 1404 4503 (sic)
1423 4423 1535 4487 Sancti
1562 4424 1735 4491 Michaelis

237 4527 321 4572 anno
344 4510 437 4590 regni
459 4509 544 4591 regis
569 4508 715 4570 Edwardi
741 4509 836 4570 tercii
861 4530 880 4570 a
904 4516 1086 4591 conquestu
1101 4509 1253 4572 vicesimo
1268 4510 1408 4573 secundo
1422 4530 1481 4592 per
1495 4520 1735 4576 sacramentnm

238 4594 366 4658 Andree
379 4597 409 4657 te
424 4593 507 4677 Gay,
522 4594 658 4658 Henrici
672 4594 713 4658 de
729 4594 905 4674 Wowelles,
920 4595 1039 4678 Rogeri
1053 4597 1093 4658 de
1110 4594 1222 4668 Stohe,
1236 4595 1256 4658 J
1258 4597 1393 4659 ohannis
1407 4596 1437 4660 le
1454 4596 1734 4684 Clerk,Radulphi

239 4681 383 4759 ‚ilberd‚
419 4679 580 4744 Johannis
617 4679 855 4765 Frannkeleyn,
893 4682 1052 4745 Johannis
1087 4681 1161 4745 Fitr.
1195 4681 1341 4760 Wauter‚
1377 4684 1536 4748 Johannis
1573 4686 1734 4766 Clement,

237 4768 393 4832 Willelmi
408 4767 545 4848 Werres,
570 4769 693 4832 Thome
709 4769 783 4832 Fitz
801 4769 957 4846 william,
983 4767 1144 4832 Willelmi
1167 4767 1303 4848 Maund,
1328 4777 1361 4832 et
1387 4768 1544 4834 Johannis
1567 4772 1653 4851 Rolf,
1678 4775 1735 4860 qni

237 4855 351 4920 dicunt
365 4855 516 4941 quod:-

281 5042 380 5128 Hugo
402 5043 433 5106 le
459 5043 599 5126 Spenser
623 5048 656 5107 et
683 5043 865 5107 Willelmns
890 5044 932 5108 de
957 5043 1074 5107 Bohun
1100 5049 1218 5108 tenent
1242 5046 1421 5108 manerium
1437 5045 1476 5109 de
1492 5047 1679 5112 Frunnass
1694 5047 1734 5110 de

236 5133 356 5194 comite
371 5130 575 5194 Gloucestrie
591 5151 647 5214 pro
660 5131 685 5216 j.
701 5131 722 5194 l.
740 5152 786 5196 m.
802 5133 890 5215 quod
904 5133 1067 5217 qnondam
1085 5132 1196 5195 tenuit
1212 5132 1396 5195 Willelmus
1410 5131 1573 5216 Twychet.

279 5261 444 5326 Johannes
458 5263 489 5326 lo
504 5263 592 5347 Gray
607 5269 642 5326 et
656 5263 812 5328 Ricardus
826 5264 866 5327 de
882 5263 1069 5328 Cornewaill
1096 5271 1212 5328 tenent
1237 5263 1419 5327 manerium
1444 5265 1483 5327 de
1509 5264 1735 5331 Snsnnswnnn

237 5355 272 5413 et
285 5353 420 5413 terciam
436 5355 562 5433 partem
578 5350 653 5413 ville
668 5351 708 5415 de
724 5351 913 5417 Nswnnrou
929 5351 1063 5418 Puaonn
1078 5372 1135 5434 pro
1149 5352 1174 5437 j.
1192 5351 1214 5416 f.
1232 5351 1272 5414 de
1286 5352 1406 5414 comite
1423 5349 1636 5427 Gloucestrie,
1648 5350 1734 5431 quod

239 5441 400 5522 qnondam
415 5438 526 5503 tenuit
543 5437 724 5501 Willelmns
737 5437 904 5525 Twychet.
