4117 6209
323 660 364 719 58
852 657 1299 726 NORTHUMBERLAND.

371 948 412 1009 Et
429 946 469 1010 de
485 946 555 1032 ijs.
571 969 629 1031 pro
645 958 700 1014 xx·
720 955 812 1033 purte
827 950 851 1036 j.
870 952 890 1015 f.
908 972 953 1016 m.
976 952 1017 1014 de
1044 950 1156 1014 eodem
1183 950 1350 1013 Willelmo
1372 954 1412 1010 nt
1433 949 1468 1010 in
1495 946 1581 1009 villis
1608 944 1762 1029 predictis
1785 944 1826 1007 de

325 1036 420 1097 terris
443 1042 478 1097 et
500 1039 699 1101 tenementis
723 1058 784 1123 que
810 1040 896 1101 idem
914 1038 1100 1102 Willelmus
1117 1043 1209 1122 pater
1224 1037 1388 1122 qnondam
1403 1036 1511 1098 tenuit
1524 1035 1560 1096 in
1576 1034 1612 1095 in
1627 1033 1724 1097 dictis
1739 1032 1825 1095 villis

325 1127 478 1185 oneratur
493 1143 587 1205 super
601 1131 788 1207 compotum
805 1132 842 1189 ut
857 1134 918 1189 etc.

551 1279 719 1342 feodomm
756 1286 962 1343 oneratorum
999 1301 1057 1363 per
1094 1278 1252 1342 Thomcm
1292 1276 1474 1360 Fennewyk
1515 1286 1549 1339 et
1585 1275 1743 1338 Thomsm
1781 1275 1823 1338 de

366 1362 503 1427 Summa
638 1366 815 1451 Estlynton
827 1368 994 1453 r-xxviij.
1009 1370 1033 1432 f.
1050 1371 1085 1430 et
1099 1367 1161 1450 xij·
1181 1387 1254 1449 pars
1269 1365 1292 1429 f.

550 1453 757 1519 denariorum
772 1456 993 1538 predictorum
1009 1456 1175 1518 feodorum
1188 1453 1340 1536 r—lvj.b'.
1358 1452 1439 1538 iij.s.
1456 1449 1560 1536 iiij.‹l.

364 1640 529 1704 Particule
560 1646 704 1726 compoti
734 1645 899 1708 Edmundi
931 1643 1051 1708 Esshet
1081 1650 1114 1708 et
1144 1644 1287 1707 Gilberti
1318 1642 1461 1724 Heyron,
1485 1642 1585 1704 unius
1613 1639 1823 1703 collectorum

319 1728 524 1791 racionabilis
539 1732 666 1810 auxilii,
683 1733 721 1795 ad
738 1734 993 1817 primogenitum
1008 1732 1113 1795 filium
1129 1732 1218 1815 regis
1232 1730 1372 1794 militem
1387 1728 1572 1792 faciendum
1599 1728 1634 1791 in
1661 1728 1821 1791 comitatu

319 1814 553 1880 Northumbrie
568 1837 654 1880 anno
669 1820 822 1883 vicesimo
837 1822 989 1899 concessi,
1004 1819 1160 1883 videlicet
1174 1820 1210 1881 iu
1225 1818 1331 1882 warda
1344 1818 1384 1880 de
1400 1816 1501 1881 Inter.

886 1973 1014 2039 Wsuus
1037 1994 1080 2037 nn
1103 1972 1253 2037 INTER.

362 2118 454 2183 Idem
484 2121 627 2185 reddunt
655 2129 845 2206 compotum
876 2124 916 2187 de
943 2124 1054 2208 viijli.
1080 2126 1219 2207 receptis
1248 2125 1289 2187 de
1318 2123 1424 2187 David
1454 2124 1494 2185 de
1522 2120 1734 2206 Strabolguye
1760 2144 1819 2206 pro

317 2204 379 2290 iiij.
406 2206 429 2271 f.
461 2228 506 2272 m.
537 2213 575 2271 ut
603 2210 638 2271 in
669 2209 756 2273 villis
786 2212 825 2275 de
855 2212 1004 2289 Necron,
1031 2213 1210 2288 lacerum,
1239 2212 1455 2286 Monnasnou‚
1488 2210 1630 2287 Gonarc,
1661 2210 1817 2288 Manuos,

317 2294 511 2371 Enrrroron
543 2298 703 2375 Prunona‚
729 2300 950 2375 Aunuwonrm
976 2300 1142 2376 Eernnar,
1169 2300 1322 2365 Gasnora
1351 2321 1394 2363 na
1426 2300 1562 2374 Hrmw,
1594 2298 1712 2361 Ensnn
1742 2318 1817 2361 cunr

316 2381 470 2444 membris
500 2383 579 2457 suis,
604 2383 731 2448 scilicet
759 2386 996 2465 llunnussonu,
1026 2388 1218 2464 limenius,
1251 2388 1457 2462 Csnvsuoom
1489 2386 1703 2461 Dousnsron,
1733 2386 1817 2448 item

317 2467 538 2547 Bucunnswn,
565 2471 755 2549 Psasrwru,
774 2474 972 2538 Csnvssnon
999 2495 1041 2537 un
1064 2476 1207 2550 Amiso,
1225 2474 1381 2549 Burrwrx,
1397 2475 1596 2548 Canncoras,
1613 2472 1770 2536 Mrnsoan
1785 2472 1816 2533 le

316 2554 674 2633 Nonrn,M1nuonndel
692 2560 789 2636 Sour,
802 2560 953 2625 Gnsnors
966 2582 1009 2624 nn
1020 2562 1171 2637 Hoaron,
1185 2560 1522 2637 Essar,Bou1rrrnnn,
1536 2559 1759 2634 Tsasrasron,
1775 2580 1816 2623 aa

315 2642 462 2722 Cnsucn,
490 2644 625 2709 Parnon
651 2666 726 2708 cnm
750 2647 903 2709 membris
929 2650 1009 2724 suis,
1032 2647 1158 2710 scilicet
1182 2649 1291 2712 Pssvr
1306 2648 1451 2723 anrorr,
1468 2648 1591 2721 Arrou,
1622 2646 1815 2724 Sumatur,

315 2728 499 2807 Graecias,
519 2731 674 2797 Gnrnrnr
701 2736 735 2796 st
759 2734 1016 2813 Fusuuuuoron,
1043 2756 1106 2818 que
1131 2740 1288 2798 tenentur
1314 2734 1355 2796 de
1378 2733 1512 2797 domino
1535 2752 1613 2817 rege
1639 2733 1690 2797 ic.
1715 2739 1753 2795 ut
1775 2733 1817 2794 de

314 2815 445 2878 baronia
474 2818 515 2879 de
548 2818 696 2899 Mitiord,
727 2827 822 2903 prout
860 2823 1050 2885 continetur
1079 2825 1113 2884 in
1150 2821 1290 2905 qusdsm
1326 2822 1543 2905 inquisicione
1572 2839 1679 2883 corsm
1716 2820 1815 2883 dictis

314 2900 539 2968 collectoribus
555 2911 649 2989 capta
665 2928 723 2990 per
738 2928 854 2971 manus
868 2909 1034 2972 Edmundi
1050 2910 1090 2972 de
1105 2907 1224 2972 Esshet
1239 2914 1273 2971 et
1288 2908 1429 2971 Gilberti
1445 2908 1589 2992 Heyron.

358 3052 405 3115 De
419 3054 495 3119 xlc.
513 3057 546 3118 in
562 3062 685 3140 partem
701 3060 874 3123 solucionis
889 3062 976 3145 vili.
995 3081 1052 3143 pro
1067 3060 1117 3145 iij.
1127 3061 1150 3125 l.
1164 3081 1210 3125 m.
1225 3064 1264 3123 ut
1280 3061 1313 3121 in
1328 3059 1415 3121 villis
1430 3058 1471 3122 de
1486 3057 1658 3136 Buruvm,
1668 3057 1815 3135 Pmoun,

315 3139 500 3221 Enrnoron,
516 3143 740 3223 Donrnoron,
756 3146 980 3226 Bructerus,
998 3147 1199 3210 Osnvaanou
1215 3162 1259 3209 oe
1273 3147 1441 3222 nussim,
1463 3151 1498 3209 et
1524 3146 1747 3207 Mrmssosns
1773 3161 1814 3206 ne

312 3224 440 3304 Soura,
456 3250 534 3313 ques
548 3232 682 3314 quidem
698 3233 789 3296 villas
805 3233 970 3298 iohannes
984 3236 1025 3297 de
1042 3235 1128 3297 Euer
1143 3240 1234 3297 tenet
1249 3233 1290 3297 de
1306 3232 1409 3297 David
1426 3233 1466 3296 de
1484 3231 1710 3317 Strabolguye,
1722 3238 1759 3295 ut
1775 3234 1814 3295 de

311 3316 450 3396 parcella
468 3321 597 3381 baronis
612 3321 769 3403 predicte,
781 3327 876 3403 prout
891 3324 1079 3385 continetur
1091 3322 1125 3384 in
1139 3322 1351 3406 inquisicione
1363 3321 1517 3404 predicta,
1531 3340 1597 3383 non
1607 3320 1815 3402 respondent,

311 3422 348 3463 eo
361 3405 446 3485 quod
456 3404 593 3467 Thomas
605 3407 644 3469 de
657 3406 852 3491 Fennewyk,
864 3430 948 3472 unus
957 3408 1165 3472 collectorum
1180 3410 1264 3472 dicti
1273 3408 1399 3487 auxilii,
1413 3409 1502 3491 prius
1516 3408 1637 3470 levavit
1646 3413 1681 3470 et
1692 3410 1815 3491 recepit

310 3490 456 3553 denarios
472 3493 645 3574 predictos,
660 3499 695 3557 et
710 3497 752 3559 de
768 3496 886 3577 quibus
901 3496 978 3561 xlc.
995 3496 1160 3579 predictus
1175 3495 1314 3559 Thomas
1327 3502 1377 3558 est
1391 3514 1610 3577 responsurus.

354 3639 397 3701 Et
412 3641 452 3703 de
467 3641 528 3727 iiij.
537 3645 571 3707 li.
584 3646 724 3728 receptis
739 3647 779 3710 de
792 3648 813 3710 J
815 3646 941 3712 ohanne
956 3647 995 3712 de
1010 3648 1097 3712 Euer
1112 3650 1146 3712 in
1162 3647 1416 3731 persolucionsm
1431 3646 1648 3729 predictarum
1661 3644 1743 3729 vili.
1757 3668 1814 3728 pro

309 3727 438 3790 residuo
453 3730 502 3814 iij.
520 3729 541 3793 f.
560 3732 792 3813 predictorum,
808 3737 897 3799 utin
912 3734 999 3798 villis
1015 3736 1182 3818 predictis,
1198 3755 1278 3818 quss
1303 3735 1438 3817 quidem
1465 3734 1558 3796 villas
1584 3733 1748 3796 lohannes
1771 3734 1812 3795 de

309 3812 397 3875 Euer
414 3820 505 3879 tenet
528 3817 568 3881 de
593 3820 739 3902 predicto
766 3822 871 3885 David
896 3821 937 3886 de
961 3822 1190 3907 Strabolguye,
1214 3829 1251 3885 ut
1278 3822 1319 3885 de
1342 3820 1481 3904 parcella
1504 3821 1638 3884 bsronie
1654 3821 1811 3903 predicte,

308 3906 405 3983 prout
420 3905 608 3968 continetur
623 3912 685 3972 etc.

351 4037 395 4100 Et
410 4039 449 4102 de
464 4062 548 4106 xrs.
565 4046 703 4126 receptis
718 4066 774 4128 pro
790 4046 966 4110 medietate
981 4046 1006 4131 j
1024 4046 1047 4112 f.
1065 4068 1110 4111 m.
1126 4048 1167 4110 de
1184 4044 1350 4113 Willelmo
1377 4045 1520 4129 Heyron‚
1545 4053 1583 4109 ut
1606 4046 1642 4107 iu
1666 4044 1744 4107 villa
1768 4044 1810 4106 dc

306 4123 687 4279 {ozipffihprppctenetnr
702 4133 743 4195 de
758 4132 906 4197 Jobanne
922 4134 963 4198 de
980 4134 1078 4212 Euer,
1094 4139 1130 4197 ut
1148 4134 1188 4196 de
1213 4133 1352 4218 psrcella
1377 4132 1510 4195 bsronie
1534 4132 1691 4215 predicte,
1713 4135 1811 4216 prout

349 4348 393 4411 Et
408 4350 448 4414 de
463 4373 549 4417 xus.
566 4356 706 4437 receptis
722 4375 780 4438 pro
796 4355 974 4421 medietate
989 4360 1014 4443 j.
1032 4358 1055 4421 f.
1074 4379 1119 4422 tn.
1136 4356 1176 4420 de
1192 4356 1334 4420 Roberto
1348 4357 1390 4420 de
1405 4353 1603 4440 Fennewylr,
1621 4360 1659 4418 nt
1683 4355 1716 4416 in
1733 4353 1812 4417 vills

304 4435 345 4499 de
363 4436 546 4518 Enrnc'ror,
562 4462 624 4524 que
638 4447 770 4507 tenetur
784 4445 823 4507 de
839 4444 929 4508 dicto
944 4445 964 4508 J
967 4444 1095 4508 ohanne
1111 4445 1153 4508 de
1168 4445 1283 4523 Enete,
1296 4450 1332 4507 ut
1349 4442 1490 4526 parcella
1505 4442 1635 4506 baronio
1651 4441 1808 4525 predicte,

304 4530 398 4605 prout
416 4528 604 4591 continetur
619 4536 681 4591 eto.

348 4672 395 4735 De
425 4695 511 4741 xx.s.
545 4697 603 4759 pro
632 4680 812 4743 medietate
841 4681 867 4765 j.
898 4679 921 4747 f.
953 4703 997 4747 nr.
1028 4684 1068 4745 de
1097 4680 1247 4744 Jobanne
1277 4679 1318 4743 de
1349 4678 1499 4756 Mennill,
1531 4682 1569 4741 ut
1599 4680 1632 4741 in
1660 4678 1738 4741 villa
1767 4678 1809 4739 de

304 4759 463 4823 Mlnssorrn
487 4778 528 4825 nn
556 4764 681 4842 SOUTH,
705 4787 767 4848 que
793 4774 926 4831 tenetur
953 4770 994 4833 de
1021 4768 1171 4833 Jobanne
1193 4769 1236 4832 de
1259 4769 1359 4845 Euer,
1384 4775 1423 4830 ut
1448 4766 1489 4829 de
1514 4765 1654 4848 parcella
1679 4766 1809 4829 baronis

300 4850 457 4928 predicte,
483 4858 579 4932 prout
601 4854 788 4916 continetur
810 4861 876 4921 etc.
900 4857 1118 4940 inquisicione
1143 4857 1301 4939 predicta,
1324 4875 1389 4918 non
1420 4851 1625 4935 respondent,
1654 4874 1693 4916 eo
1723 4852 1809 4937 quod

301 4932 439 5082 lrhomffl
462 4937 503 5000 de
528 4936 725 5023 Fennewyk,
751 4962 835 5004 unus
860 4944 1071 5007 collectorum
1095 4942 1273 5006 consimilis
1297 4942 1426 5020 auxilii,
1451 4941 1540 5023 prins
1567 4938 1808 5003 denariosillos

315 5024 423 5085 evasit
437 5029 470 5085 et
485 5027 618 5107 recepit.

345 5170 390 5233 Et
413 5171 453 5233 de
469 5174 538 5258 iis.
565 5195 622 5257 pro
650 5184 705 5239 xx·
726 5184 816 5261 parte
840 5181 864 5265 j.
880 5183 904 5247 f.
921 5202 966 5247 m.
993 5184 1034 5246 de
1058 5182 1200 5246 Roberto
1226 5181 1327 5267 Ogill,
1354 5182 1536 5245 Alexandro
1564 5181 1605 5244 de
1633 5180 1749 5243 Hilton
1774 5186 1809 5242 et

299 5257 465 5335 Mutillde,
492 5281 591 5324 uxore
619 5265 758 5346 predicti
783 5266 969 5347 Alexandri,
985 5277 1021 5333 ut
1048 5270 1183 5352 dejure
1205 5271 1309 5352 ipsius
1335 5269 1512 5346 Matilldis,
1537 5278 1576 5331 nt
1601 5270 1637 5331 in
1664 5268 1742 5331 villa
1766 5268 1807 5329 de

299 5344 552 5514 ξὲῧιὶιέἔιέειοὶι,
567 5370 631 5433 quc
647 5358 778 5417 tenetur
793 5355 833 5419 dc
850 5357 996 5439 predicto
1011 5356 1117 5420 David
1135 5356 1367 5442 Straboulguy,
1383 5363 1422 5421 ut
1445 5357 1487 5421 de
1513 5356 1653 5440 parcella
1678 5354 1809 5418 bsronie
