4117 6209
916 639 998 703 A.D.
1024 640 1119 703 1346.
1726 634 1768 698 69

312 920 354 983 Et
368 920 407 983 de
423 922 467 987 11.
475 944 500 987 a.
515 922 654 1007 receptis
668 923 709 986 de
719 922 746 1006 j.
763 921 787 989 f.
804 930 838 987 et
851 922 896 990 di.
913 924 954 987 de
970 921 1119 987 Johanne
1135 923 1176 987 de
1203 921 1346 1007 Clyfford
1360 930 1397 987 ut
1412 925 1447 987 in
1463 922 1551 986 villis
1567 921 1768 997 Eumensn,

269 1006 450 1177 (Pippppptrpn
464 1016 497 1073 et
512 1010 683 1090 Doxsosn,
699 1032 761 1095 que
776 1017 929 1076 tenentur
944 1012 985 1075 de
1000 1032 1077 1097 rege
1092 1012 1144 1077 io.
1160 1031 1219 1095 pro
1234 1011 1411 1075 medietate
1426 1010 1556 1075 baronie
1579 1008 1621 1071 de
1644 1008 1767 1091 Caugy,

310 1281 357 1346 De
371 1283 474 1347 altera
490 1286 629 1367 parcells
642 1287 773 1351 baronis
788 1287 829 1350 de
844 1286 959 1373 Gange
973 1306 1039 1351 non
1054 1286 1259 1370 respondent,
1275 1306 1312 1351 eo
1327 1287 1413 1373 quod
1427 1284 1617 1349 Edmundus
1632 1281 1768 1347 Esshete

269 1374 307 1518 {tt
318 1369 641 1525 gipsaptdrpsdlgelypppr,
653 1374 836 1439 collectores
851 1374 1029 1440 consimilis
1043 1375 1170 1454 auxilii,
1181 1380 1258 1439 sunt
1272 1374 1456 1457 responsuri
1470 1374 1512 1437 de
1527 1373 1616 1436 dicta
1629 1369 1769 1454 parcella

311 1643 359 1708 De
376 1668 439 1712 na.
456 1668 513 1730 pro
529 1646 603 1736 iiijt·
625 1654 718 1733 parte
729 1647 756 1734 j.
772 1649 795 1714 f.
813 1670 857 1715 m.
874 1650 912 1713 de
928 1649 1066 1713 Ricardo
1081 1650 1122 1713 de
1137 1649 1280 1733 Dayiord
1307 1655 1347 1713 ut
1372 1646 1503 1713 invilla
1528 1649 1569 1711 de
1596 1647 1766 1724 Doxsonn,

269 1753 331 1815 que
356 1739 487 1798 tenetur
512 1735 553 1798 de
577 1736 598 1799 J
600 1735 727 1800 ohanne
754 1736 795 1801 de
821 1736 962 1820 Clyfford
977 1743 1015 1800 ut
1031 1738 1071 1800 dc
1085 1738 1262 1801 medietate
1276 1737 1421 1821 predicte
1435 1734 1567 1799 baronie
1583 1734 1623 1797 de
1640 1733 1770 1817 Gaugy,

270 1828 363 1903 prout
378 1829 440 1887 etc.
455 1842 521 1885 non
536 1823 745 1909 respondent,
760 1825 899 1910 eoquod
925 1824 1118 1888 Edmundus
1131 1824 1171 1888 de
1187 1825 1316 1901 Esshet,
1339 1844 1423 1887 unus
1450 1824 1670 1900 collectorum,
1694 1842 1768 1883 cum

268 1906 410 1972 Roberto
435 1909 475 1973 de
498 1911 696 1998 Estlyngton
722 1920 799 1975 ante
822 1912 938 1976 datum
963 1912 1199 1976 commissionis
1223 1913 1313 1995 prius
1339 1911 1487 1976 denarios
1511 1910 1584 1974 illos
1599 1910 1718 1973 levavit
1734 1913 1769 1971 et

269 1996 402 2081 recepit.

313 2184 360 2247 De
375 2207 459 2251 xxa.
474 2186 510 2248 in
524 2192 652 2268 partem
667 2186 840 2251 solutionis
855 2186 931 2251 xis.
949 2207 1004 2269 pro
1019 2187 1045 2272 j.
1061 2186 1084 2251 f.
1101 2208 1146 2253 m.
1163 2188 1203 2250 de
1218 2185 1367 2264 Ricardo,
1382 2187 1502 2249 comite
1517 2185 1714 2262 Arondellie,
1735 2193 1771 2248 et

270 2270 429 2351 Johanne,
445 2292 542 2336 uxore
557 2271 638 2355 ejus,
654 2282 694 2337 ut
708 2275 744 2337 in
761 2273 847 2336 villis
863 2275 903 2337 de
920 2266 1132 2351 Toeossnsff,
1145 2275 1322 2340 Drousonn
1338 2274 1407 2339 Esr
1422 2281 1457 2338 et
1472 2273 1647 2339 Dronsonn
1660 2273 1769 2350 Wnsr‚

271 2360 391 2425 Msens
406 2361 556 2437 Brenno,
573 2362 682 2426 Psnvs
698 2362 840 2427 smum
855 2367 890 2425 et
905 2362 1082 2424 medietate
1098 2361 1175 2424 ville
1190 2361 1230 2424 de
1246 2361 1488 2428 cammaron
1503 2368 1535 2424 et
1562 2361 1597 2422 in
1623 2360 1770 2443 partibus

272 2447 346 2510 ville
361 2448 403 2510 de
418 2447 629 2527 Toeensnnrr,
646 2470 709 2531 que
725 2456 882 2511 tenentur
897 2449 938 2511 de
953 2448 1085 2511 domino
1100 2469 1176 2532 rege
1192 2450 1246 2513 io.
1264 2469 1321 2531 per
1340 2449 1367 2531 j.
1384 2449 1408 2513 f.
1426 2453 1521 2531 prout
1535 2447 1721 2511 continetur
1735 2448 1770 2509 in

272 2534 485 2620 inquisicione
510 2536 666 2618 predicta,
681 2542 719 2598 ut
744 2537 784 2599 de
809 2535 941 2599 baronia
955 2535 1076 2619 Rogeri
1091 2536 1151 2598 filii
1168 2536 1309 2614 Radnlfi,
1325 2555 1388 2598 non
1403 2534 1615 2618 respondent,
1632 2554 1670 2597 eo
1685 2534 1771 2619 quod

272 2621 430 2685 Rooertus
455 2623 495 2686 de
521 2622 733 2708 Estlyngton,
750 2644 832 2687 unus
858 2622 1066 2687 collectorum
1093 2623 1271 2686 consimilis
1295 2622 1421 2701 auxilii,
1447 2644 1521 2685 cnm
1542 2622 1716 2685 Edmundo
1730 2621 1771 2684 de

274 2708 469 2789 Craucestre,
484 2716 559 2773 ante
574 2711 685 2774 datam
700 2711 936 2774 commissionis
950 2712 1043 2792 prius
1057 2710 1206 2774 denarios
1220 2710 1294 2773 illos
1308 2708 1429 2774 levavit
1443 2717 1476 2773 et
1493 2709 1626 2793 recepit.

317 2898 360 2961 Et
373 2898 414 2961 de
430 2920 514 2965 xxm.
530 2899 569 2962 de
584 2899 714 2963 residuo
729 2898 807 2964 xis.
824 2920 880 2982 pro
895 2898 1024 2962 residuo
1039 2896 1125 2963 leodi
1151 2898 1292 2982 predicti
1307 2899 1395 2961 utin
1412 2898 1500 2961 villis
1525 2897 1683 2979 predictis
1708 2916 1772 2960 non

272 2985 467 3069 respondent
490 3007 529 3050 eo
553 2987 639 3069 qnod
665 2987 806 3050 Thomas
829 2986 872 3049 de
897 2985 1082 3069 Fennewyk
1106 2990 1141 3049 et
1155 2987 1295 3049 Thomas
1309 2986 1351 3049 de
1365 2986 1574 3070 Estlyngton,
1589 2985 1773 3048 collectores

272 3073 447 3137 consimilis
462 3073 588 3152 auxilii,
603 3074 690 3158 prius
705 3073 855 3137 denarios
869 3073 943 3137 illos
958 3073 1152 3137 levaverunt
1168 3080 1203 3137 et
1216 3084 1419 3156 receperunt.

316 3259 355 3322 Et
374 3260 415 3323 de
431 3258 563 3345 xxiiij.1.
576 3259 617 3323 de
628 3260 687 3347 xij.
698 3261 720 3325 f.
731 3260 996 3344 provenientibus
1011 3259 1142 3323 devilia
1156 3261 1197 3323 de
1211 3261 1385 3338 Drusum,
1399 3261 1575 3337 Mundus,
1589 3260 1773 3336 Lnsssonr,

275 3346 463 3415 Honenron
490 3348 612 3413 Mauris
637 3357 670 3410 et
701 3347 893 3425 Tenemus,
922 3347 1088 3414 Swmsmw
1111 3348 1196 3410 infra
1226 3349 1364 3411 wardam
1393 3347 1435 3409 de
1465 3347 1666 3430 Bamburgh,
1695 3367 1775 3431 ques

275 3433 434 3498 Henricus
449 3435 490 3497 de
504 3434 604 3511 Percy
620 3440 713 3498 tenet
726 3434 760 3495 in
776 3434 950 3514 dominico,
966 3436 1022 3518 qui
1039 3439 1127 3497 tenet
1144 3434 1185 3497 de
1198 3455 1275 3519 rege
1290 3435 1344 3499 i.c.
1355 3434 1522 3498 baroniam
1537 3435 1578 3498 de
1593 3435 1693 3516 Vescy
1705 3444 1774 3496 tam

273 3520 357 3585 inira
372 3522 492 3585 nardus
514 3522 556 3585 de
579 3521 776 3604 Bamburgh,
793 3519 945 3607 Cogdale‚
965 3530 998 3584 et
1013 3521 1185 3598 Glendale,
1201 3542 1300 3603 quam
1315 3522 1419 3597 Inter,
1433 3541 1492 3605 pro
1506 3520 1563 3604 xij.
1578 3521 1603 3583 f.
1619 3543 1663 3586 m.
1679 3527 1776 3602 prout

274 3614 334 3675 etc.
350 3630 414 3693 que
426 3610 561 3692 quidem
576 3609 634 3694 xij.
651 3610 674 3673 f.
691 3608 863 3673 continent
878 3609 922 3674 ix.
939 3613 1049 3692 partes
1064 3608 1195 3671 baronis
1209 3608 1249 3671 de
1271 3604 1422 3695 [vescy]

317 3795 364 3860 De
378 3818 443 3864 me.
459 3817 516 3881 pro
532 3796 606 3883 iiiJ‘·
627 3801 718 3880 parte
729 3796 756 3880 j.
774 3796 796 3861 f.
813 3818 858 3862 m.
875 3801 914 3859 ut
935 3816 993 3880 pro
1008 3796 1083 3883 iiij‘·
1103 3800 1193 3880 parte
1207 3795 1285 3859 ville
1310 3794 1350 3858 de
1378 3794 1572 3873 Sumunow,
1589 3799 1686 3879 prout
1711 3800 1776 3861 etc.

274 3903 338 3947 non
353 3885 546 3969 respondent
562 3904 600 3947 eo
614 3883 699 3969 quod
715 3886 803 3947 dicta
814 3891 929 3967 quarta
943 3904 1016 3967 pars
1032 3884 1206 3969 aliquando
1221 3884 1256 3946 in
1272 3902 1373 3947 manu
1387 3884 1574 3946 tenencium
1589 3886 1623 3946 et
1637 3901 1725 3945 nunc
1739 3884 1775 3945 in

275 3990 374 4034 manu
399 3972 532 4037 Henrioi
558 3971 599 4036 de
624 3971 736 4055 Peroy,
757 3974 860 4054 patris
885 3970 1020 4034 Henrici
1043 3970 1085 4036 de
1111 3971 1212 4055 Percy
1227 3990 1326 4048 nunc,
1339 3974 1416 4034 ante
1439 3971 1679 4034 concessionem
1694 3970 1776 4035 dicti

274 4058 389 4121 auxilii
403 4064 437 4122 et
451 4059 614 4143 particula
628 4059 789 4122 dictorum
805 4058 862 4141 xij.
879 4058 902 4123 f.

318 4244 361 4307 Et
376 4244 416 4308 de
432 4266 496 4309 ns.
512 4247 650 4328 receptis
664 4264 723 4328 pro
739 4247 812 4330 ΠΨ·
833 4248 926 4327 parte
944 4244 972 4326 j.
990 4245 1013 4309 f.
1030 4266 1075 4311 m.
1102 4244 1142 4308 de
1165 4244 1306 4307 Roberto
1332 4243 1495 4307 Wendout
1519 4248 1553 4306 et
1577 4242 1693 4319 Maria,
1708 4242 1777 4305 iilia

275 4330 434 4395 Johannis
449 4331 590 4409 Rodum,
605 4351 669 4395 una
683 4332 870 4395 tenencium
885 4331 920 4393 in
938 4330 1015 4396 villa
1030 4331 1071 4396 de
1087 4332 1226 4398 Nnoron
1241 4333 1277 4394 in
1293 4330 1380 4394 villis
1392 4332 1530 4396 Nnurorr
1546 4351 1651 4396 suras
1665 4330 1776 4407 Mssn,

275 4418 432 4485 Hmsunu
457 4426 488 4482 et
514 4419 676 4497 stnrnn,
704 4439 767 4503 que
794 4423 948 4481 tenentur
973 4418 1014 4482 de
1040 4417 1191 4482 Johanne
1216 4418 1407 4502 Struviling,
1433 4418 1552 4493 milite,
1579 4421 1615 4480 ut
1637 4416 1777 4500 parcella

274 4505 364 4568 illins
379 4505 464 4569 leodi
479 4504 521 4569 de
536 4505 675 4583 Neuton,
701 4526 776 4569 cnm
802 4505 874 4569 aliis
898 4505 984 4568 villis
1009 4507 1211 4590 supradietis,
1236 4505 1322 4589 quod
1345 4504 1477 4568 feodum
1500 4503 1590 4567 idem
1613 4502 1777 4567 Johannes

275 4596 367 4656 tenet
381 4594 421 4657 de
434 4594 523 4657 dicto
537 4593 679 4657 Henrico
695 4594 735 4656 de
751 4592 852 4675 Percy
866 4598 906 4656 ut
920 4593 1094 4676 parcellam
1111 4593 1244 4657 baronie
1259 4592 1300 4656 de
1314 4591 1429 4676 Vescy.

318 4779 419 4843 Etde
434 4802 499 4845 ω.
516 4782 657 4864 receptis
672 4801 728 4864 pro
743 4780 817 4867 iiijt·
839 4786 932 4866 parte
947 4781 971 4866 j.
986 4780 1011 4847 f.
1028 4802 1074 4847 m.
1087 4782 1128 4845 de
1143 4780 1294 4847 Matillde
1310 4778 1465 4864 Carreyns
1480 4775 1552 4857 (sio)
1566 4783 1600 4841 et
1611 4777 1777 4841 Willelmo

275 4866 428 4931 Dsrreins
443 4876 477 4931 et
492 4868 608 4947 Maria,
626 4868 691 4930 filia
706 4867 865 4932 Johannis
880 4867 1022 4949 Rodum,
1040 4888 1105 4931 una
1120 4870 1307 4932 tenencium
1323 4867 1358 4929 in
1373 4866 1450 4930 villa
1466 4866 1508 4929 de
1523 4866 1672 4944 Necron,
1688 4871 1725 4927 ut
1740 4865 1776 4927 in

276 4955 361 5017 villis
376 4955 416 5019 de
432 4955 461 5019 N
464 4976 571 5021 surore
588 4976 692 5021 sorno
707 4956 989 5034 Msnn,H1nnusn
1003 4956 1283 5039 edendumque
1299 4961 1455 5018 tenentur
1470 4954 1510 5017 de
1526 4953 1613 5015 dicto
1628 4952 1776 5015 Johanne

274 5043 315 5106 de
330 5042 521 5128 Striveling,
538 5042 654 5121 milite,
670 5048 707 5105 ut
722 5042 861 5125 parcella
877 5041 966 5105 illius
989 5042 1077 5106 feodi
1105 5043 1258 5126 predicti,
1282 5043 1370 5106 unde
1395 5040 1619 5126 supradictum
1645 5038 1775 5103 feodum

275 5129 450 5213 porcellum
469 5132 537 5209 (aie)
555 5129 684 5194 baronis
698 5128 739 5193 de
753 5128 855 5215 Vescy
872 5134 909 5194 ut
926 5149 1034 5213 snpra.

800 5315 967 5382 feodorum
983 5314 1164 5380 levatorum
1174 5314 1293 5399 z-xvj.
1309 5315 1333 5380 f.
1349 5318 1382 5378 et
1397 5313 1442 5379 di.

799 5404 1005 5469 denariorum
1018 5403 1095 5465 inde
1107 5402 1279 5485 r-xxiijt.
1298 5398 1384 5481 (sie).

602 5360 738 5428 Summa
