<?xml version="1.0" encoding="UTF-8"?>
<!DOCTYPE html PUBLIC "-//W3C//DTD XHTML 1.0 Transitional//EN"
    "http://www.w3.org/TR/xhtml1/DTD/xhtml1-transitional.dtd">
<html xmlns="http://www.w3.org/1999/xhtml" xml:lang="en" lang="en">
 <head>
  <title>
</title>
<meta http-equiv="Content-Type" content="text/html;charset=utf-8" />
  <meta name='ocr-system' content='tesseract 3.04.00' />
  <meta name='ocr-capabilities' content='ocr_page ocr_carea ocr_par ocr_line ocrx_word'/>
</head>
<body>
  <div class='ocr_page' id='page_1' title='image "./inquisitionsand02offigoog/inquisitionsand02offigoog_0087.png"; bbox 0 0 4117 6209; ppageno 0'>
   <div class='ocr_carea' id='block_1_1' title="bbox 908 634 1763 701">
    <p class='ocr_par' dir='ltr' id='par_1_1' title="bbox 908 634 1763 701">
     <span class='ocr_line' id='line_1_1' title="bbox 908 634 1763 701; baseline -0.001 -2"><span class='ocrx_word' id='word_1_1' title='bbox 908 634 992 700; x_wconf 68' lang='lat' dir='ltr'><strong>al).</strong></span> <span class='ocrx_word' id='word_1_2' title='bbox 1017 636 1113 701; x_wconf 78' lang='lat'>1346.</span> <span class='ocrx_word' id='word_1_3' title='bbox 1722 635 1763 700; x_wconf 79' lang='lat'><strong>71</strong></span> 
     </span>
    </p>
   </div>
   <div class='ocr_carea' id='block_1_2' title="bbox 254 916 1762 1183">
    <p class='ocr_par' dir='ltr' id='par_1_2' title="bbox 254 916 1762 1183">
     <span class='ocr_line' id='line_1_2' title="bbox 302 916 1762 1011; baseline 0.003 -30"><span class='ocrx_word' id='word_1_4' title='bbox 302 916 349 981; x_wconf 87' lang='lat' dir='ltr'><strong>De</strong></span> <span class='ocrx_word' id='word_1_5' title='bbox 371 917 520 1002; x_wconf 87' lang='lat' dir='ltr'><strong>pluribus</strong></span> <span class='ocrx_word' id='word_1_6' title='bbox 542 920 646 985; x_wconf 86' lang='lat' dir='ltr'><strong>leodis</strong></span> <span class='ocrx_word' id='word_1_7' title='bbox 674 920 755 1011; x_wconf 87' lang='lat' dir='ltr'><strong>[vel]</strong></span> <span class='ocrx_word' id='word_1_8' title='bbox 784 924 933 1007; x_wconf 81' lang='lat' dir='ltr'><strong>percellis</strong></span> <span class='ocrx_word' id='word_1_9' title='bbox 953 923 1123 989; x_wconf 84' lang='lat' dir='ltr'><strong>feodorum</strong></span> <span class='ocrx_word' id='word_1_10' title='bbox 1144 925 1230 989; x_wconf 80' lang='lat' dir='ltr'><strong>infre</strong></span> <span class='ocrx_word' id='word_1_11' title='bbox 1251 925 1391 989; x_wconf 74' lang='lat' dir='ltr'><strong>verdum</strong></span> <span class='ocrx_word' id='word_1_12' title='bbox 1409 927 1477 1005; x_wconf 82' lang='lat' dir='ltr'><strong>(sic)</strong></span> <span class='ocrx_word' id='word_1_13' title='bbox 1494 923 1676 1008; x_wconf 83' lang='lat' dir='ltr'><strong>predictam</strong></span> <span class='ocrx_word' id='word_1_14' title='bbox 1696 942 1762 987; x_wconf 86' lang='lat' dir='ltr'><strong>non</strong></span> 
     </span>
     <span class='ocr_line' id='line_1_3' title="bbox 254 1006 1762 1099; baseline 0.005 -32"><span class='ocrx_word' id='word_1_15' title='bbox 254 1006 459 1088; x_wconf 87' lang='lat' dir='ltr'><strong>respondent,</strong></span> <span class='ocrx_word' id='word_1_16' title='bbox 486 1028 525 1072; x_wconf 90' lang='lat' dir='ltr'><strong>eo</strong></span> <span class='ocrx_word' id='word_1_17' title='bbox 553 1010 639 1093; x_wconf 93' lang='lat' dir='ltr'><strong>quod</strong></span> <span class='ocrx_word' id='word_1_18' title='bbox 668 1030 733 1073; x_wconf 92' lang='lat' dir='ltr'><strong>non</strong></span> <span class='ocrx_word' id='word_1_19' title='bbox 765 1016 843 1076; x_wconf 90' lang='lat' dir='ltr'><strong>sunt</strong></span> <span class='ocrx_word' id='word_1_20' title='bbox 866 1011 974 1095; x_wconf 88' lang='lat' dir='ltr'><strong>plures</strong></span> <span class='ocrx_word' id='word_1_21' title='bbox 999 1019 1152 1077; x_wconf 87' lang='lat' dir='ltr'><strong>tenentes</strong></span> <span class='ocrx_word' id='word_1_22' title='bbox 1175 1033 1238 1099; x_wconf 88' lang='lat' dir='ltr'><strong>que</strong></span> <span class='ocrx_word' id='word_1_23' title='bbox 1265 1015 1333 1092; x_wconf 83' lang='lat' dir='ltr'><strong>(sic)</strong></span> <span class='ocrx_word' id='word_1_24' title='bbox 1365 1017 1481 1076; x_wconf 87' lang='lat' dir='ltr'><strong>tenent</strong></span> <span class='ocrx_word' id='word_1_25' title='bbox 1505 1031 1562 1096; x_wconf 90' lang='lat' dir='ltr'><strong>per</strong></span> <span class='ocrx_word' id='word_1_26' title='bbox 1589 1011 1762 1076; x_wconf 76' lang='lat' dir='ltr'><strong>servicium</strong></span> 
     </span>
     <span class='ocr_line' id='line_1_4' title="bbox 254 1090 1644 1183; baseline 0.006 -28"><span class='ocrx_word' id='word_1_27' title='bbox 254 1090 396 1157; x_wconf 85' lang='lat' dir='ltr'><strong>militare</strong></span> <span class='ocrx_word' id='word_1_28' title='bbox 418 1090 484 1181; x_wconf 91' lang='lat' dir='ltr'><strong>[in]</strong></span> <span class='ocrx_word' id='word_1_29' title='bbox 509 1095 612 1159; x_wconf 83' lang='lat' dir='ltr'><strong>warde</strong></span> <span class='ocrx_word' id='word_1_30' title='bbox 629 1099 697 1176; x_wconf 82' lang='lat' dir='ltr'><strong>(sic)</strong></span> <span class='ocrx_word' id='word_1_31' title='bbox 718 1098 873 1181; x_wconf 88' lang='lat' dir='ltr'><strong>predicta,</strong></span> <span class='ocrx_word' id='word_1_32' title='bbox 887 1105 985 1183; x_wconf 89' lang='lat' dir='ltr'><strong>prout</strong></span> <span class='ocrx_word' id='word_1_33' title='bbox 999 1101 1189 1165; x_wconf 73' lang='lat' dir='ltr'>continetur</span> <span class='ocrx_word' id='word_1_34' title='bbox 1203 1102 1239 1163; x_wconf 89' lang='lat' dir='ltr'><strong>in</strong></span> <span class='ocrx_word' id='word_1_35' title='bbox 1253 1100 1470 1183; x_wconf 87' lang='lat' dir='ltr'><strong>inquisicione</strong></span> <span class='ocrx_word' id='word_1_36' title='bbox 1484 1099 1644 1183; x_wconf 86' lang='lat' dir='ltr'><strong>predicta.</strong></span> 
     </span>
    </p>
   </div>
   <div class='ocr_carea' id='block_1_3' title="bbox 585 1256 1314 1433">
    <p class='ocr_par' dir='ltr' id='par_1_3' title="bbox 585 1256 1314 1433">
     <span class='ocr_line' id='line_1_5' title="bbox 585 1256 1314 1347; baseline 0.008 -27"><span class='ocrx_word' id='word_1_37' title='bbox 585 1256 694 1321; x_wconf 85' lang='lat' dir='ltr'><strong>Feods</strong></span> <span class='ocrx_word' id='word_1_38' title='bbox 716 1257 880 1324; x_wconf 85' lang='lat' dir='ltr'><strong>libertstis</strong></span> <span class='ocrx_word' id='word_1_39' title='bbox 892 1260 991 1343; x_wconf 80' lang='lat' dir='ltr'><strong>r-vj.</strong></span> <span class='ocrx_word' id='word_1_40' title='bbox 1006 1261 1031 1324; x_wconf 80' lang='lat' dir='ltr'><strong>f.</strong></span> <span class='ocrx_word' id='word_1_41' title='bbox 1046 1264 1081 1325; x_wconf 87' lang='lat' dir='ltr'><strong>et</strong></span> <span class='ocrx_word' id='word_1_42' title='bbox 1094 1260 1143 1324; x_wconf 82' lang='lat' dir='ltr'><strong>xl·</strong></span> <span class='ocrx_word' id='word_1_43' title='bbox 1163 1282 1237 1346; x_wconf 89' lang='lat' dir='ltr'><strong>pars</strong></span> <span class='ocrx_word' id='word_1_44' title='bbox 1246 1260 1274 1347; x_wconf 86' lang='lat' dir='ltr'><strong>j.</strong></span> <span class='ocrx_word' id='word_1_45' title='bbox 1291 1260 1314 1326; x_wconf 84' lang='lat' dir='ltr'><strong>f.</strong></span> 
     </span>
     <span class='ocr_line' id='line_1_6' title="bbox 587 1342 1089 1433; baseline 0.012 -26"><span class='ocrx_word' id='word_1_46' title='bbox 587 1342 719 1409; x_wconf 88' lang='lat' dir='ltr'><strong>Denarii</strong></span> <span class='ocrx_word' id='word_1_47' title='bbox 734 1345 811 1411; x_wconf 89' lang='lat' dir='ltr'><strong>inde</strong></span> <span class='ocrx_word' id='word_1_48' title='bbox 820 1346 932 1433; x_wconf 80' lang='lat' dir='ltr'><strong>r-xij.</strong></span> <span class='ocrx_word' id='word_1_49' title='bbox 941 1349 976 1414; x_wconf 85' lang='lat' dir='ltr'><strong>li.</strong></span> <span class='ocrx_word' id='word_1_50' title='bbox 992 1348 1089 1432; x_wconf 65' lang='lat' dir='ltr'><strong>xiid.</strong></span> 
     </span>
    </p>
   </div>
   <div class='ocr_carea' id='block_1_4' title="bbox 304 1506 1601 1772">
    <p class='ocr_par' dir='ltr' id='par_1_4' title="bbox 304 1506 1601 1772">
     <span class='ocr_line' id='line_1_7' title="bbox 484 1506 1601 1592; baseline 0.003 -23"><span class='ocrx_word' id='word_1_51' title='bbox 484 1506 609 1571; x_wconf 86' lang='lat' dir='ltr'><strong>Tctelis</strong></span> <span class='ocrx_word' id='word_1_52' title='bbox 623 1507 790 1572; x_wconf 88' lang='lat' dir='ltr'><strong>feodorum</strong></span> <span class='ocrx_word' id='word_1_53' title='bbox 804 1509 899 1573; x_wconf 87' lang='lat' dir='ltr'><strong>istius</strong></span> <span class='ocrx_word' id='word_1_54' title='bbox 914 1509 1013 1573; x_wconf 87' lang='lat' dir='ltr'><strong>rotuli</strong></span> <span class='ocrx_word' id='word_1_55' title='bbox 1025 1509 1205 1592; x_wconf 79' lang='lat' dir='ltr'><strong>r-xxxiiij.</strong></span> <span class='ocrx_word' id='word_1_56' title='bbox 1221 1508 1245 1574; x_wconf 84' lang='lat' dir='ltr'><strong>f.</strong></span> <span class='ocrx_word' id='word_1_57' title='bbox 1262 1508 1311 1592; x_wconf 88' lang='lat' dir='ltr'><strong>iij.</strong></span> <span class='ocrx_word' id='word_1_58' title='bbox 1326 1508 1501 1592; x_wconf 68' lang='lat' dir='ltr'><strong>quarteria,</strong></span> <span class='ocrx_word' id='word_1_59' title='bbox 1519 1511 1601 1592; x_wconf 74' lang='lat' dir='ltr'><strong>rrrj&#39;.</strong></span> 
     </span>
     <span class='ocr_line' id='line_1_8' title="bbox 304 1588 1107 1680; baseline 0.007 -25"><span class='ocrx_word' id='word_1_60' title='bbox 304 1588 438 1657; x_wconf 80' lang='lat' dir='ltr'><strong>Summa</strong></span> <span class='ocrx_word' id='word_1_61' title='bbox 485 1602 541 1656; x_wconf 80' lang='lat' dir='ltr'><strong>xx·</strong></span> <span class='ocrx_word' id='word_1_62' title='bbox 561 1600 595 1659; x_wconf 85' lang='lat' dir='ltr'><strong>et</strong></span> <span class='ocrx_word' id='word_1_63' title='bbox 610 1594 658 1657; x_wconf 81' lang='lat' dir='ltr'><strong>xl·</strong></span> <span class='ocrx_word' id='word_1_64' title='bbox 678 1602 712 1661; x_wconf 88' lang='lat' dir='ltr'><strong>et</strong></span> <span class='ocrx_word' id='word_1_65' title='bbox 727 1617 775 1661; x_wconf 88' lang='lat' dir='ltr'><strong>cc.</strong></span> <span class='ocrx_word' id='word_1_66' title='bbox 792 1601 826 1660; x_wconf 88' lang='lat' dir='ltr'><strong>et</strong></span> <span class='ocrx_word' id='word_1_67' title='bbox 842 1604 897 1659; x_wconf 79' lang='lat' dir='ltr'><strong>xx·</strong></span> <span class='ocrx_word' id='word_1_68' title='bbox 917 1617 992 1680; x_wconf 88' lang='lat' dir='ltr'><strong>pars</strong></span> <span class='ocrx_word' id='word_1_69' title='bbox 1007 1597 1107 1662; x_wconf 84' lang='lat' dir='ltr'><strong>feodi.</strong></span> 
     </span>
     <span class='ocr_line' id='line_1_9' title="bbox 486 1680 1188 1772; baseline 0.009 -27"><span class='ocrx_word' id='word_1_70' title='bbox 486 1680 699 1747; x_wconf 83' lang='lat' dir='ltr'><strong>Densriorum</strong></span> <span class='ocrx_word' id='word_1_71' title='bbox 714 1682 790 1746; x_wconf 91' lang='lat' dir='ltr'><strong>inde</strong></span> <span class='ocrx_word' id='word_1_72' title='bbox 802 1684 963 1749; x_wconf 83' lang='lat' dir='ltr'><strong>:-lxix.l.</strong></span> <span class='ocrx_word' id='word_1_73' title='bbox 979 1683 1096 1772; x_wconf 85' lang='lat' dir='ltr'><strong>lviij.s.</strong></span> <span class='ocrx_word' id='word_1_74' title='bbox 1112 1683 1188 1771; x_wconf 83' lang='lat' dir='ltr'><strong>ij.d.</strong></span> 
     </span>
    </p>
   </div>
   <div class='ocr_carea' id='block_1_5' title="bbox 258 1968 1763 2230">
    <p class='ocr_par' dir='ltr' id='par_1_5' title="bbox 258 1968 1763 2230">
     <span class='ocr_line' id='line_1_10' title="bbox 303 1968 1763 2057; baseline 0.002 -25"><span class='ocrx_word' id='word_1_75' title='bbox 303 1968 468 2034; x_wconf 75' lang='lat' dir='ltr'><strong>Particule</strong></span> <span class='ocrx_word' id='word_1_76' title='bbox 481 1972 624 2054; x_wconf 89' lang='lat' dir='ltr'><strong>compoti</strong></span> <span class='ocrx_word' id='word_1_77' title='bbox 639 1970 807 2036; x_wconf 87' lang='lat' dir='ltr'><strong>Edmundi</strong></span> <span class='ocrx_word' id='word_1_78' title='bbox 821 1971 860 2035; x_wconf 88' lang='lat' dir='ltr'><strong>de</strong></span> <span class='ocrx_word' id='word_1_79' title='bbox 876 1970 1065 2037; x_wconf 83' lang='lat' dir='ltr'><strong>Oraucestre</strong></span> <span class='ocrx_word' id='word_1_80' title='bbox 1079 1975 1112 2036; x_wconf 84' lang='lat' dir='ltr'><strong>et</strong></span> <span class='ocrx_word' id='word_1_81' title='bbox 1125 1971 1254 2037; x_wconf 84' lang='lat' dir='ltr'><strong>Ricardi</strong></span> <span class='ocrx_word' id='word_1_82' title='bbox 1265 1972 1434 2057; x_wconf 82' lang='lat' dir='ltr'><strong>Horsleye,</strong></span> <span class='ocrx_word' id='word_1_83' title='bbox 1446 1972 1543 2035; x_wconf 90' lang='lat' dir='ltr'><strong>unius</strong></span> <span class='ocrx_word' id='word_1_84' title='bbox 1554 1970 1763 2035; x_wconf 85' lang='lat' dir='ltr'><strong>collectorum</strong></span> 
     </span>
     <span class='ocr_line' id='line_1_11' title="bbox 258 2057 1763 2144; baseline 0.002 -25"><span class='ocrx_word' id='word_1_85' title='bbox 258 2057 465 2121; x_wconf 78' lang='lat' dir='ltr'><strong>racionabilis</strong></span> <span class='ocrx_word' id='word_1_86' title='bbox 487 2058 602 2123; x_wconf 79' lang='lat' dir='ltr'><strong>auxilii</strong></span> <span class='ocrx_word' id='word_1_87' title='bbox 628 2058 668 2121; x_wconf 81' lang='lat' dir='ltr'><strong>ed</strong></span> <span class='ocrx_word' id='word_1_88' title='bbox 691 2060 950 2144; x_wconf 87' lang='lat' dir='ltr'><strong>primogenitum</strong></span> <span class='ocrx_word' id='word_1_89' title='bbox 976 2059 1083 2123; x_wconf 91' lang='lat' dir='ltr'><strong>filium</strong></span> <span class='ocrx_word' id='word_1_90' title='bbox 1098 2060 1183 2143; x_wconf 86' lang='lat' dir='ltr'><strong>regis</strong></span> <span class='ocrx_word' id='word_1_91' title='bbox 1197 2058 1336 2123; x_wconf 88' lang='lat' dir='ltr'><strong>militem</strong></span> <span class='ocrx_word' id='word_1_92' title='bbox 1352 2058 1537 2126; x_wconf 70' lang='lat' dir='ltr'><strong>faciendum</strong></span> <span class='ocrx_word' id='word_1_93' title='bbox 1551 2060 1586 2122; x_wconf 89' lang='lat' dir='ltr'><strong>in</strong></span> <span class='ocrx_word' id='word_1_94' title='bbox 1601 2059 1763 2123; x_wconf 73' lang='lat' dir='ltr'><strong>comitutu</strong></span> 
     </span>
     <span class='ocr_line' id='line_1_12' title="bbox 260 2142 1516 2230; baseline 0.005 -25"><span class='ocrx_word' id='word_1_95' title='bbox 260 2142 504 2226; x_wconf 83' lang='lat' dir='ltr'><strong>Nortbnmbrie,</strong></span> <span class='ocrx_word' id='word_1_96' title='bbox 519 2165 607 2210; x_wconf 81' lang='lat' dir='ltr'><strong>snnc</strong></span> <span class='ocrx_word' id='word_1_97' title='bbox 623 2147 779 2211; x_wconf 89' lang='lat' dir='ltr'><strong>vicesimo</strong></span> <span class='ocrx_word' id='word_1_98' title='bbox 794 2148 952 2225; x_wconf 77' lang='lat' dir='ltr'><strong>concessi,</strong></span> <span class='ocrx_word' id='word_1_99' title='bbox 966 2146 1116 2211; x_wconf 84' lang='lat' dir='ltr'><strong>videlicet</strong></span> <span class='ocrx_word' id='word_1_100' title='bbox 1132 2149 1169 2211; x_wconf 90' lang='lat' dir='ltr'><strong>in</strong></span> <span class='ocrx_word' id='word_1_101' title='bbox 1184 2147 1291 2210; x_wconf 82' lang='lat' dir='ltr'><strong>werde</strong></span> <span class='ocrx_word' id='word_1_102' title='bbox 1305 2147 1346 2211; x_wconf 83' lang='lat' dir='ltr'><strong>dc</strong></span> <span class='ocrx_word' id='word_1_103' title='bbox 1362 2146 1516 2230; x_wconf 78' lang='lat' dir='ltr'><strong>Cogdale.</strong></span> 
     </span>
    </p>
   </div>
   <div class='ocr_carea' id='block_1_6' title="bbox 796 2308 1232 2377">
    <p class='ocr_par' dir='ltr' id='par_1_6' title="bbox 796 2308 1232 2377">
     <span class='ocr_line' id='line_1_13' title="bbox 796 2308 1232 2377; baseline -0.009 0"><span class='ocrx_word' id='word_1_104' title='bbox 796 2309 922 2377; x_wconf 78' lang='lat' dir='ltr'><strong>Wanns</strong></span> <span class='ocrx_word' id='word_1_105' title='bbox 944 2330 988 2376; x_wconf 87' lang='lat' dir='ltr'><strong>nn</strong></span> <span class='ocrx_word' id='word_1_106' title='bbox 1011 2308 1232 2377; x_wconf 77' lang='lat' dir='ltr'>GOGDALE.</span> 
     </span>
    </p>
   </div>
   <div class='ocr_carea' id='block_1_7' title="bbox 258 2467 1764 2991">
    <p class='ocr_par' dir='ltr' id='par_1_7' title="bbox 258 2467 1764 2991">
     <span class='ocr_line' id='line_1_14' title="bbox 303 2467 1764 2553; baseline 0.004 -22"><span class='ocrx_word' id='word_1_107' title='bbox 303 2467 350 2531; x_wconf 87' lang='lat' dir='ltr'><strong>De</strong></span> <span class='ocrx_word' id='word_1_108' title='bbox 375 2467 450 2537; x_wconf 79' lang='lat' dir='ltr'><strong>xlc.</strong></span> <span class='ocrx_word' id='word_1_109' title='bbox 477 2489 535 2553; x_wconf 90' lang='lat' dir='ltr'><strong>pro</strong></span> <span class='ocrx_word' id='word_1_110' title='bbox 555 2469 582 2553; x_wconf 89' lang='lat' dir='ltr'><strong>j.</strong></span> <span class='ocrx_word' id='word_1_111' title='bbox 599 2468 622 2535; x_wconf 85' lang='lat' dir='ltr'><strong>i.</strong></span> <span class='ocrx_word' id='word_1_112' title='bbox 639 2491 685 2536; x_wconf 90' lang='lat' dir='ltr'><strong>m.</strong></span> <span class='ocrx_word' id='word_1_113' title='bbox 713 2471 753 2534; x_wconf 86' lang='lat' dir='ltr'><strong>de</strong></span> <span class='ocrx_word' id='word_1_114' title='bbox 776 2470 942 2534; x_wconf 91' lang='lat' dir='ltr'><strong>Willelmo</strong></span> <span class='ocrx_word' id='word_1_115' title='bbox 965 2472 1005 2534; x_wconf 91' lang='lat' dir='ltr'><strong>de</strong></span> <span class='ocrx_word' id='word_1_116' title='bbox 1033 2470 1167 2534; x_wconf 90' lang='lat' dir='ltr'><strong>Lilbcrn</strong></span> <span class='ocrx_word' id='word_1_117' title='bbox 1195 2476 1234 2533; x_wconf 88' lang='lat' dir='ltr'><strong>ut</strong></span> <span class='ocrx_word' id='word_1_118' title='bbox 1257 2470 1292 2533; x_wconf 93' lang='lat' dir='ltr'><strong>in</strong></span> <span class='ocrx_word' id='word_1_119' title='bbox 1309 2470 1396 2533; x_wconf 88' lang='lat' dir='ltr'><strong>villis</strong></span> <span class='ocrx_word' id='word_1_120' title='bbox 1419 2470 1461 2534; x_wconf 86' lang='lat' dir='ltr'><strong>de</strong></span> <span class='ocrx_word' id='word_1_121' title='bbox 1487 2472 1648 2549; x_wconf 78' lang='lat' dir='ltr'><strong>Lmsonrt,</strong></span> <span class='ocrx_word' id='word_1_122' title='bbox 1663 2470 1764 2537; x_wconf 69' lang='lat' dir='ltr'><strong>waes</strong></span> 
     </span>
     <span class='ocr_line' id='line_1_15' title="bbox 264 2554 1764 2641; baseline -0.001 -19"><span class='ocrx_word' id='word_1_123' title='bbox 264 2556 439 2622; x_wconf 79' lang='lat' dir='ltr'><strong>Scnnunort</strong></span> <span class='ocrx_word' id='word_1_124' title='bbox 463 2565 497 2619; x_wconf 92' lang='lat' dir='ltr'><strong>et</strong></span> <span class='ocrx_word' id='word_1_125' title='bbox 510 2557 697 2621; x_wconf 68' lang='lat' dir='ltr'><strong>¹medietate</strong></span> <span class='ocrx_word' id='word_1_126' title='bbox 724 2557 800 2621; x_wconf 87' lang='lat' dir='ltr'><strong>ville</strong></span> <span class='ocrx_word' id='word_1_127' title='bbox 824 2558 865 2622; x_wconf 89' lang='lat' dir='ltr'><strong>de</strong></span> <span class='ocrx_word' id='word_1_128' title='bbox 894 2558 1063 2636; x_wconf 72' lang='lat' dir='ltr'><strong>(lusuros,</strong></span> <span class='ocrx_word' id='word_1_129' title='bbox 1079 2578 1141 2641; x_wconf 91' lang='lat' dir='ltr'><strong>que</strong></span> <span class='ocrx_word' id='word_1_130' title='bbox 1167 2561 1321 2622; x_wconf 88' lang='lat' dir='ltr'><strong>tenentur</strong></span> <span class='ocrx_word' id='word_1_131' title='bbox 1343 2558 1385 2621; x_wconf 90' lang='lat' dir='ltr'><strong>de</strong></span> <span class='ocrx_word' id='word_1_132' title='bbox 1409 2554 1559 2622; x_wconf 84' lang='lat' dir='ltr'><strong>Jchanne</strong></span> <span class='ocrx_word' id='word_1_133' title='bbox 1584 2558 1626 2623; x_wconf 91' lang='lat' dir='ltr'><strong>de</strong></span> <span class='ocrx_word' id='word_1_134' title='bbox 1650 2557 1764 2621; x_wconf 84' lang='lat' dir='ltr'><strong>Monte</strong></span> 
     </span>
     <span class='ocr_line' id='line_1_16' title="bbox 261 2642 1764 2730; baseline 0.003 -26"><span class='ocrx_word' id='word_1_135' title='bbox 261 2644 377 2720; x_wconf 78' lang='lat' dir='ltr'><strong>Aonio,</strong></span> <span class='ocrx_word' id='word_1_136' title='bbox 387 2642 508 2723; x_wconf 87' lang='lat' dir='ltr'><strong>milite,</strong></span> <span class='ocrx_word' id='word_1_137' title='bbox 520 2650 558 2707; x_wconf 89' lang='lat' dir='ltr'><strong>ut</strong></span> <span class='ocrx_word' id='word_1_138' title='bbox 569 2642 608 2707; x_wconf 85' lang='lat' dir='ltr'><strong>dc</strong></span> <span class='ocrx_word' id='word_1_139' title='bbox 624 2644 755 2708; x_wconf 76' lang='lat' dir='ltr'><strong>baronia</strong></span> <span class='ocrx_word' id='word_1_140' title='bbox 771 2645 810 2708; x_wconf 89' lang='lat' dir='ltr'><strong>de</strong></span> <span class='ocrx_word' id='word_1_141' title='bbox 825 2646 901 2723; x_wconf 89' lang='lat' dir='ltr'><strong>Ros,</strong></span> <span class='ocrx_word' id='word_1_142' title='bbox 912 2651 1008 2729; x_wconf 90' lang='lat' dir='ltr'><strong>prout</strong></span> <span class='ocrx_word' id='word_1_143' title='bbox 1022 2647 1208 2709; x_wconf 80' lang='lat' dir='ltr'><strong>continetur</strong></span> <span class='ocrx_word' id='word_1_144' title='bbox 1221 2645 1256 2707; x_wconf 90' lang='lat' dir='ltr'><strong>in</strong></span> <span class='ocrx_word' id='word_1_145' title='bbox 1271 2644 1412 2727; x_wconf 82' lang='lat' dir='ltr'><strong>quedam</strong></span> <span class='ocrx_word' id='word_1_146' title='bbox 1427 2645 1641 2730; x_wconf 89' lang='lat' dir='ltr'><strong>inquisicicne</strong></span> <span class='ocrx_word' id='word_1_147' title='bbox 1656 2665 1764 2708; x_wconf 86' lang='lat' dir='ltr'><strong>cotem</strong></span> 
     </span>
     <span class='ocr_line' id='line_1_17' title="bbox 258 2730 1764 2817; baseline 0.002 -25"><span class='ocrx_word' id='word_1_148' title='bbox 258 2730 356 2793; x_wconf 91' lang='lat' dir='ltr'><strong>dictis</strong></span> <span class='ocrx_word' id='word_1_149' title='bbox 370 2730 597 2794; x_wconf 80' lang='lat' dir='ltr'><strong>collectoribus</strong></span> <span class='ocrx_word' id='word_1_150' title='bbox 613 2731 690 2796; x_wconf 89' lang='lat' dir='ltr'><strong>inde</strong></span> <span class='ocrx_word' id='word_1_151' title='bbox 704 2738 810 2815; x_wconf 82' lang='lat' dir='ltr'><strong>cepta,</strong></span> <span class='ocrx_word' id='word_1_152' title='bbox 826 2751 892 2795; x_wconf 92' lang='lat' dir='ltr'><strong>non</strong></span> <span class='ocrx_word' id='word_1_153' title='bbox 906 2732 1118 2816; x_wconf 85' lang='lat' dir='ltr'><strong>respondent,</strong></span> <span class='ocrx_word' id='word_1_154' title='bbox 1132 2752 1171 2795; x_wconf 87' lang='lat' dir='ltr'><strong>eo</strong></span> <span class='ocrx_word' id='word_1_155' title='bbox 1184 2731 1270 2817; x_wconf 92' lang='lat' dir='ltr'><strong>quod</strong></span> <span class='ocrx_word' id='word_1_156' title='bbox 1287 2731 1481 2799; x_wconf 83' lang='lat' dir='ltr'><strong>Edmundua</strong></span> <span class='ocrx_word' id='word_1_157' title='bbox 1495 2733 1538 2795; x_wconf 92' lang='lat' dir='ltr'><strong>de</strong></span> <span class='ocrx_word' id='word_1_158' title='bbox 1565 2731 1764 2806; x_wconf 84' lang='lat' dir='ltr'><strong>Craucestre‚</strong></span> 
     </span>
     <span class='ocr_line' id='line_1_18' title="bbox 259 2817 1764 2903; baseline 0.001 -22"><span class='ocrx_word' id='word_1_159' title='bbox 259 2836 344 2881; x_wconf 92' lang='lat' dir='ltr'><strong>unus</strong></span> <span class='ocrx_word' id='word_1_160' title='bbox 381 2817 591 2882; x_wconf 90' lang='lat' dir='ltr'><strong>collectorum</strong></span> <span class='ocrx_word' id='word_1_161' title='bbox 620 2820 800 2883; x_wconf 89' lang='lat' dir='ltr'><strong>consimilis</strong></span> <span class='ocrx_word' id='word_1_162' title='bbox 833 2818 960 2899; x_wconf 85' lang='lat' dir='ltr'><strong>auxilli,</strong></span> <span class='ocrx_word' id='word_1_163' title='bbox 991 2840 1067 2883; x_wconf 90' lang='lat' dir='ltr'><strong>cum</strong></span> <span class='ocrx_word' id='word_1_164' title='bbox 1096 2819 1238 2883; x_wconf 85' lang='lat' dir='ltr'><strong>Roberto</strong></span> <span class='ocrx_word' id='word_1_165' title='bbox 1269 2818 1310 2882; x_wconf 89' lang='lat' dir='ltr'><strong>de</strong></span> <span class='ocrx_word' id='word_1_166' title='bbox 1339 2818 1514 2903; x_wconf 81' lang='lat' dir='ltr'><strong>Estlynton</strong></span> <span class='ocrx_word' id='word_1_167' title='bbox 1541 2824 1621 2884; x_wconf 82' lang='lat' dir='ltr'><strong>unte</strong></span> <span class='ocrx_word' id='word_1_168' title='bbox 1651 2819 1764 2883; x_wconf 90' lang='lat' dir='ltr'><strong>dstsm</strong></span> 
     </span>
     <span class='ocr_line' id='line_1_19' title="bbox 262 2906 1329 2991; baseline 0.003 -23"><span class='ocrx_word' id='word_1_169' title='bbox 262 2906 496 2969; x_wconf 87' lang='lat' dir='ltr'><strong>commissionis</strong></span> <span class='ocrx_word' id='word_1_170' title='bbox 511 2906 603 2989; x_wconf 86' lang='lat' dir='ltr'><strong>prius</strong></span> <span class='ocrx_word' id='word_1_171' title='bbox 617 2906 768 2971; x_wconf 80' lang='lat' dir='ltr'><strong>denarios</strong></span> <span class='ocrx_word' id='word_1_172' title='bbox 782 2906 855 2970; x_wconf 91' lang='lat' dir='ltr'><strong>illos</strong></span> <span class='ocrx_word' id='word_1_173' title='bbox 870 2907 1061 2972; x_wconf 83' lang='lat' dir='ltr'><strong>levaverunt</strong></span> <span class='ocrx_word' id='word_1_174' title='bbox 1077 2912 1111 2970; x_wconf 84' lang='lat' dir='ltr'><strong>et</strong></span> <span class='ocrx_word' id='word_1_175' title='bbox 1124 2914 1329 2991; x_wconf 86' lang='lat' dir='ltr'><strong>receperunt.</strong></span> 
     </span>
    </p>
   </div>
   <div class='ocr_carea' id='block_1_8' title="bbox 259 3040 1765 3384">
    <p class='ocr_par' dir='ltr' id='par_1_8' title="bbox 259 3040 1765 3384">
     <span class='ocr_line' id='line_1_20' title="bbox 304 3040 1765 3129; baseline 0.005 -26"><span class='ocrx_word' id='word_1_176' title='bbox 304 3040 352 3104; x_wconf 92' lang='lat' dir='ltr'><strong>De</strong></span> <span class='ocrx_word' id='word_1_177' title='bbox 368 3062 433 3107; x_wconf 71' lang='lat' dir='ltr'><strong>us.</strong></span> <span class='ocrx_word' id='word_1_178' title='bbox 450 3063 507 3126; x_wconf 89' lang='lat' dir='ltr'><strong>pro</strong></span> <span class='ocrx_word' id='word_1_179' title='bbox 528 3041 601 3127; x_wconf 83' lang='lat' dir='ltr'><strong>viij·</strong></span> <span class='ocrx_word' id='word_1_180' title='bbox 621 3047 716 3126; x_wconf 85' lang='lat' dir='ltr'><strong>parte</strong></span> <span class='ocrx_word' id='word_1_181' title='bbox 742 3042 765 3129; x_wconf 79' lang='lat' dir='ltr'><strong>j.</strong></span> <span class='ocrx_word' id='word_1_182' title='bbox 782 3042 806 3106; x_wconf 87' lang='lat' dir='ltr'><strong>i.</strong></span> <span class='ocrx_word' id='word_1_183' title='bbox 821 3062 866 3110; x_wconf 91' lang='lat' dir='ltr'><strong>m.</strong></span> <span class='ocrx_word' id='word_1_184' title='bbox 882 3043 922 3107; x_wconf 86' lang='lat' dir='ltr'><strong>de</strong></span> <span class='ocrx_word' id='word_1_185' title='bbox 937 3040 1096 3106; x_wconf 82' lang='lat' dir='ltr'><strong>Nicholao</strong></span> <span class='ocrx_word' id='word_1_186' title='bbox 1110 3042 1152 3107; x_wconf 92' lang='lat' dir='ltr'><strong>de</strong></span> <span class='ocrx_word' id='word_1_187' title='bbox 1167 3044 1282 3122; x_wconf 86' lang='lat' dir='ltr'><strong>Acton,</strong></span> <span class='ocrx_word' id='word_1_188' title='bbox 1297 3047 1335 3105; x_wconf 88' lang='lat' dir='ltr'><strong>ut</strong></span> <span class='ocrx_word' id='word_1_189' title='bbox 1350 3042 1385 3105; x_wconf 91' lang='lat' dir='ltr'><strong>in</strong></span> <span class='ocrx_word' id='word_1_190' title='bbox 1400 3042 1478 3106; x_wconf 82' lang='lat' dir='ltr'><strong>ville</strong></span> <span class='ocrx_word' id='word_1_191' title='bbox 1491 3043 1532 3107; x_wconf 90' lang='lat' dir='ltr'><strong>de</strong></span> <span class='ocrx_word' id='word_1_192' title='bbox 1546 3045 1765 3110; x_wconf 81' lang='lat' dir='ltr'><strong>Bcrsnnsron</strong></span> 
     </span>
     <span class='ocr_line' id='line_1_21' title="bbox 260 3128 1764 3214; baseline -0.001 -20"><span class='ocrx_word' id='word_1_193' title='bbox 260 3129 443 3207; x_wconf 76' lang='lat' dir='ltr'><strong>Inrsmorr,</strong></span> <span class='ocrx_word' id='word_1_194' title='bbox 460 3150 524 3214; x_wconf 87' lang='lat' dir='ltr'><strong>qne</strong></span> <span class='ocrx_word' id='word_1_195' title='bbox 538 3134 671 3194; x_wconf 51' lang='lat' dir='ltr'><strong>&amp;netur</strong></span> <span class='ocrx_word' id='word_1_196' title='bbox 685 3131 725 3194; x_wconf 89' lang='lat' dir='ltr'><strong>de</strong></span> <span class='ocrx_word' id='word_1_197' title='bbox 741 3128 888 3213; x_wconf 89' lang='lat' dir='ltr'><strong>predicto</strong></span> <span class='ocrx_word' id='word_1_198' title='bbox 903 3130 924 3193; x_wconf 90' lang='lat' dir='ltr'>J</span> <span class='ocrx_word' id='word_1_199' title='bbox 926 3129 1053 3194; x_wconf 85' lang='lat' dir='ltr'><strong>chenne</strong></span> <span class='ocrx_word' id='word_1_200' title='bbox 1067 3136 1107 3194; x_wconf 88' lang='lat' dir='ltr'><strong>ut</strong></span> <span class='ocrx_word' id='word_1_201' title='bbox 1123 3131 1162 3194; x_wconf 91' lang='lat' dir='ltr'><strong>de</strong></span> <span class='ocrx_word' id='word_1_202' title='bbox 1177 3129 1316 3214; x_wconf 85' lang='lat' dir='ltr'><strong>psrcella</strong></span> <span class='ocrx_word' id='word_1_203' title='bbox 1341 3129 1471 3194; x_wconf 87' lang='lat' dir='ltr'><strong>baronis</strong></span> <span class='ocrx_word' id='word_1_204' title='bbox 1495 3131 1654 3214; x_wconf 83' lang='lat' dir='ltr'><strong>predicte,</strong></span> <span class='ocrx_word' id='word_1_205' title='bbox 1667 3137 1764 3214; x_wconf 91' lang='lat' dir='ltr'><strong>prout</strong></span> 
     </span>
     <span class='ocr_line' id='line_1_22' title="bbox 259 3216 1765 3302; baseline 0 -23"><span class='ocrx_word' id='word_1_206' title='bbox 259 3218 445 3280; x_wconf 87' lang='lat' dir='ltr'><strong>continetur</strong></span> <span class='ocrx_word' id='word_1_207' title='bbox 459 3217 491 3279; x_wconf 91' lang='lat' dir='ltr'><strong>in</strong></span> <span class='ocrx_word' id='word_1_208' title='bbox 509 3218 723 3301; x_wconf 88' lang='lat' dir='ltr'><strong>inquisicione</strong></span> <span class='ocrx_word' id='word_1_209' title='bbox 738 3216 894 3301; x_wconf 86' lang='lat' dir='ltr'><strong>predicta,</strong></span> <span class='ocrx_word' id='word_1_210' title='bbox 906 3238 970 3281; x_wconf 90' lang='lat' dir='ltr'><strong>non</strong></span> <span class='ocrx_word' id='word_1_211' title='bbox 988 3217 1183 3302; x_wconf 87' lang='lat' dir='ltr'><strong>respondent</strong></span> <span class='ocrx_word' id='word_1_212' title='bbox 1197 3236 1235 3281; x_wconf 85' lang='lat' dir='ltr'><strong>eo</strong></span> <span class='ocrx_word' id='word_1_213' title='bbox 1249 3216 1335 3301; x_wconf 91' lang='lat' dir='ltr'><strong>quod</strong></span> <span class='ocrx_word' id='word_1_214' title='bbox 1346 3216 1506 3281; x_wconf 88' lang='lat' dir='ltr'><strong>Robertus</strong></span> <span class='ocrx_word' id='word_1_215' title='bbox 1521 3219 1563 3282; x_wconf 90' lang='lat' dir='ltr'><strong>de</strong></span> <span class='ocrx_word' id='word_1_216' title='bbox 1578 3218 1765 3301; x_wconf 80' lang='lat' dir='ltr'><strong>Estlynton,</strong></span> 
     </span>
     <span class='ocr_line' id='line_1_23' title="bbox 260 3302 1764 3384; baseline 0.001 -19"><span class='ocrx_word' id='word_1_217' title='bbox 260 3322 343 3366; x_wconf 89' lang='lat' dir='ltr'><strong>unus</strong></span> <span class='ocrx_word' id='word_1_218' title='bbox 366 3303 576 3367; x_wconf 89' lang='lat' dir='ltr'><strong>collectorum</strong></span> <span class='ocrx_word' id='word_1_219' title='bbox 600 3304 777 3369; x_wconf 89' lang='lat' dir='ltr'><strong>consimilis</strong></span> <span class='ocrx_word' id='word_1_220' title='bbox 807 3304 932 3384; x_wconf 81' lang='lat' dir='ltr'><strong>auxilii,</strong></span> <span class='ocrx_word' id='word_1_221' title='bbox 959 3325 1034 3368; x_wconf 92' lang='lat' dir='ltr'><strong>cum</strong></span> <span class='ocrx_word' id='word_1_222' title='bbox 1062 3303 1236 3368; x_wconf 90' lang='lat' dir='ltr'><strong>Edmundo</strong></span> <span class='ocrx_word' id='word_1_223' title='bbox 1261 3304 1303 3367; x_wconf 87' lang='lat' dir='ltr'><strong>de</strong></span> <span class='ocrx_word' id='word_1_224' title='bbox 1330 3302 1516 3368; x_wconf 83' lang='lat' dir='ltr'><strong>Grancestre</strong></span> <span class='ocrx_word' id='word_1_225' title='bbox 1544 3310 1622 3369; x_wconf 80' lang='lat' dir='ltr'><strong>aute</strong></span> <span class='ocrx_word' id='word_1_226' title='bbox 1650 3305 1764 3369; x_wconf 79' lang='lat' dir='ltr'><strong>datam</strong></span> 
     </span>
    </p>
   </div>
   <div class='ocr_carea' id='block_1_9' title="bbox 259 3391 1314 3475">
    <p class='ocr_par' dir='ltr' id='par_1_9' title="bbox 259 3391 1314 3475">
     <span class='ocr_line' id='line_1_24' title="bbox 259 3391 1314 3475; baseline 0.002 -23"><span class='ocrx_word' id='word_1_227' title='bbox 259 3392 495 3454; x_wconf 88' lang='lat' dir='ltr'><strong>commissionis</strong></span> <span class='ocrx_word' id='word_1_228' title='bbox 508 3393 598 3474; x_wconf 89' lang='lat' dir='ltr'><strong>prius</strong></span> <span class='ocrx_word' id='word_1_229' title='bbox 613 3392 759 3455; x_wconf 78' lang='lat' dir='ltr'><strong>denarios</strong></span> <span class='ocrx_word' id='word_1_230' title='bbox 774 3391 849 3455; x_wconf 91' lang='lat' dir='ltr'><strong>illos</strong></span> <span class='ocrx_word' id='word_1_231' title='bbox 863 3392 1051 3457; x_wconf 89' lang='lat' dir='ltr'><strong>levaverunt</strong></span> <span class='ocrx_word' id='word_1_232' title='bbox 1066 3400 1099 3456; x_wconf 88' lang='lat' dir='ltr'><strong>et</strong></span> <span class='ocrx_word' id='word_1_233' title='bbox 1114 3397 1314 3475; x_wconf 85' lang='lat' dir='ltr'><strong>recepenmt.</strong></span> 
     </span>
    </p>
   </div>
   <div class='ocr_carea' id='block_1_10' title="bbox 258 3524 1766 4046">
    <p class='ocr_par' dir='ltr' id='par_1_10' title="bbox 258 3524 1766 4046">
     <span class='ocr_line' id='line_1_25' title="bbox 304 3524 1761 3612; baseline 0.003 -24"><span class='ocrx_word' id='word_1_234' title='bbox 304 3524 352 3589; x_wconf 91' lang='lat' dir='ltr'><strong>De</strong></span> <span class='ocrx_word' id='word_1_235' title='bbox 366 3528 443 3593; x_wconf 74' lang='lat' dir='ltr'><strong>xis.</strong></span> <span class='ocrx_word' id='word_1_236' title='bbox 458 3547 516 3610; x_wconf 91' lang='lat' dir='ltr'><strong>pro</strong></span> <span class='ocrx_word' id='word_1_237' title='bbox 530 3527 555 3612; x_wconf 82' lang='lat' dir='ltr'><strong>j.</strong></span> <span class='ocrx_word' id='word_1_238' title='bbox 572 3526 595 3591; x_wconf 82' lang='lat' dir='ltr'><strong>f.</strong></span> <span class='ocrx_word' id='word_1_239' title='bbox 611 3549 656 3593; x_wconf 91' lang='lat' dir='ltr'><strong>m.</strong></span> <span class='ocrx_word' id='word_1_240' title='bbox 672 3529 715 3592; x_wconf 93' lang='lat' dir='ltr'><strong>de</strong></span> <span class='ocrx_word' id='word_1_241' title='bbox 729 3526 854 3591; x_wconf 79' lang='lat' dir='ltr'><strong>Thomu</strong></span> <span class='ocrx_word' id='word_1_242' title='bbox 868 3526 909 3591; x_wconf 89' lang='lat' dir='ltr'><strong>de</strong></span> <span class='ocrx_word' id='word_1_243' title='bbox 926 3527 1084 3605; x_wconf 89' lang='lat' dir='ltr'><strong>Ildretcn,</strong></span> <span class='ocrx_word' id='word_1_244' title='bbox 1098 3534 1138 3591; x_wconf 90' lang='lat' dir='ltr'><strong>ut</strong></span> <span class='ocrx_word' id='word_1_245' title='bbox 1152 3527 1188 3589; x_wconf 89' lang='lat' dir='ltr'><strong>in</strong></span> <span class='ocrx_word' id='word_1_246' title='bbox 1203 3526 1291 3591; x_wconf 86' lang='lat' dir='ltr'><strong>villis</strong></span> <span class='ocrx_word' id='word_1_247' title='bbox 1305 3524 1346 3590; x_wconf 90' lang='lat' dir='ltr'><strong>de</strong></span> <span class='ocrx_word' id='word_1_248' title='bbox 1372 3526 1552 3603; x_wconf 69' lang='lat' dir='ltr'><strong>monacos,</strong></span> <span class='ocrx_word' id='word_1_249' title='bbox 1569 3525 1761 3593; x_wconf 78' lang='lat' dir='ltr'><strong>Wnrasoon</strong></span> 
     </span>
     <span class='ocr_line' id='line_1_26' title="bbox 258 3612 1766 3698; baseline 0.001 -22"><span class='ocrx_word' id='word_1_250' title='bbox 258 3618 293 3676; x_wconf 87' lang='lat' dir='ltr'><strong>et</strong></span> <span class='ocrx_word' id='word_1_251' title='bbox 307 3614 454 3692; x_wconf 77' lang='lat' dir='ltr'><strong>Rosonrt,</strong></span> <span class='ocrx_word' id='word_1_252' title='bbox 465 3635 528 3697; x_wconf 89' lang='lat' dir='ltr'><strong>que</strong></span> <span class='ocrx_word' id='word_1_253' title='bbox 538 3621 692 3679; x_wconf 89' lang='lat' dir='ltr'><strong>tenentur</strong></span> <span class='ocrx_word' id='word_1_254' title='bbox 706 3616 747 3678; x_wconf 91' lang='lat' dir='ltr'><strong>de</strong></span> <span class='ocrx_word' id='word_1_255' title='bbox 763 3614 888 3698; x_wconf 84' lang='lat' dir='ltr'><strong>prelato</strong></span> <span class='ocrx_word' id='word_1_256' title='bbox 903 3614 1054 3679; x_wconf 85' lang='lat' dir='ltr'><strong>Johnnne</strong></span> <span class='ocrx_word' id='word_1_257' title='bbox 1067 3615 1109 3677; x_wconf 89' lang='lat' dir='ltr'><strong>de</strong></span> <span class='ocrx_word' id='word_1_258' title='bbox 1119 3613 1233 3677; x_wconf 87' lang='lat' dir='ltr'><strong>Monte</strong></span> <span class='ocrx_word' id='word_1_259' title='bbox 1242 3614 1360 3691; x_wconf 81' lang='lat' dir='ltr'><strong>Acuto,</strong></span> <span class='ocrx_word' id='word_1_260' title='bbox 1369 3620 1409 3676; x_wconf 88' lang='lat' dir='ltr'><strong>ut</strong></span> <span class='ocrx_word' id='word_1_261' title='bbox 1423 3612 1463 3676; x_wconf 93' lang='lat' dir='ltr'><strong>de</strong></span> <span class='ocrx_word' id='word_1_262' title='bbox 1477 3612 1618 3695; x_wconf 80' lang='lat' dir='ltr'><strong>parcella</strong></span> <span class='ocrx_word' id='word_1_263' title='bbox 1632 3613 1766 3677; x_wconf 81' lang='lat' dir='ltr'><strong>beronis</strong></span> 
     </span>
     <span class='ocr_line' id='line_1_27' title="bbox 259 3700 1766 3785; baseline 0.001 -22"><span class='ocrx_word' id='word_1_264' title='bbox 259 3700 418 3783; x_wconf 88' lang='lat' dir='ltr'><strong>predicte,</strong></span> <span class='ocrx_word' id='word_1_265' title='bbox 448 3708 544 3784; x_wconf 91' lang='lat' dir='ltr'><strong>prout</strong></span> <span class='ocrx_word' id='word_1_266' title='bbox 574 3703 762 3766; x_wconf 91' lang='lat' dir='ltr'><strong>continetur</strong></span> <span class='ocrx_word' id='word_1_267' title='bbox 791 3704 826 3764; x_wconf 92' lang='lat' dir='ltr'><strong>in</strong></span> <span class='ocrx_word' id='word_1_268' title='bbox 856 3702 1071 3785; x_wconf 87' lang='lat' dir='ltr'><strong>inquisicicne</strong></span> <span class='ocrx_word' id='word_1_269' title='bbox 1101 3701 1255 3784; x_wconf 79' lang='lat' dir='ltr'><strong>predicte,</strong></span> <span class='ocrx_word' id='word_1_270' title='bbox 1285 3720 1351 3764; x_wconf 92' lang='lat' dir='ltr'><strong>non</strong></span> <span class='ocrx_word' id='word_1_271' title='bbox 1380 3700 1575 3782; x_wconf 87' lang='lat' dir='ltr'><strong>respondent</strong></span> <span class='ocrx_word' id='word_1_272' title='bbox 1612 3719 1651 3763; x_wconf 85' lang='lat' dir='ltr'><strong>eo</strong></span> <span class='ocrx_word' id='word_1_273' title='bbox 1679 3701 1766 3785; x_wconf 90' lang='lat' dir='ltr'><strong>quod</strong></span> 
     </span>
     <span class='ocr_line' id='line_1_28' title="bbox 261 3785 1765 3871; baseline 0.002 -22"><span class='ocrx_word' id='word_1_274' title='bbox 261 3786 423 3852; x_wconf 85' lang='lat' dir='ltr'><strong>Robertus</strong></span> <span class='ocrx_word' id='word_1_275' title='bbox 446 3789 487 3852; x_wconf 87' lang='lat' dir='ltr'><strong>dc</strong></span> <span class='ocrx_word' id='word_1_276' title='bbox 511 3788 699 3871; x_wconf 82' lang='lat' dir='ltr'><strong>Estlyntcn,</strong></span> <span class='ocrx_word' id='word_1_277' title='bbox 725 3806 810 3852; x_wconf 90' lang='lat' dir='ltr'><strong>unus</strong></span> <span class='ocrx_word' id='word_1_278' title='bbox 835 3789 1048 3853; x_wconf 86' lang='lat' dir='ltr'><strong>collectorum</strong></span> <span class='ocrx_word' id='word_1_279' title='bbox 1077 3787 1255 3852; x_wconf 89' lang='lat' dir='ltr'><strong>consimilis</strong></span> <span class='ocrx_word' id='word_1_280' title='bbox 1283 3785 1412 3865; x_wconf 86' lang='lat' dir='ltr'><strong>auxilii,</strong></span> <span class='ocrx_word' id='word_1_281' title='bbox 1435 3791 1512 3851; x_wconf 82' lang='lat' dir='ltr'><strong>unte</strong></span> <span class='ocrx_word' id='word_1_282' title='bbox 1543 3786 1654 3851; x_wconf 78' lang='lat' dir='ltr'><strong>datam</strong></span> <span class='ocrx_word' id='word_1_283' title='bbox 1676 3807 1765 3852; x_wconf 89' lang='lat' dir='ltr'><strong>com·</strong></span> 
     </span>
     <span class='ocr_line' id='line_1_29' title="bbox 260 3874 1766 3960; baseline 0.001 -22"><span class='ocrx_word' id='word_1_284' title='bbox 260 3875 420 3939; x_wconf 86' lang='lat' dir='ltr'><strong>missionis</strong></span> <span class='ocrx_word' id='word_1_285' title='bbox 457 3896 533 3939; x_wconf 88' lang='lat' dir='ltr'><strong>cnm</strong></span> <span class='ocrx_word' id='word_1_286' title='bbox 571 3876 745 3941; x_wconf 87' lang='lat' dir='ltr'><strong>Edmundo</strong></span> <span class='ocrx_word' id='word_1_287' title='bbox 781 3876 822 3940; x_wconf 93' lang='lat' dir='ltr'><strong>de</strong></span> <span class='ocrx_word' id='word_1_288' title='bbox 860 3875 1063 3955; x_wconf 70' lang='lat' dir='ltr'><strong>(itancestre,</strong></span> <span class='ocrx_word' id='word_1_289' title='bbox 1101 3876 1193 3960; x_wconf 88' lang='lat' dir='ltr'><strong>prins</strong></span> <span class='ocrx_word' id='word_1_290' title='bbox 1228 3874 1379 3939; x_wconf 90' lang='lat' dir='ltr'><strong>denarios</strong></span> <span class='ocrx_word' id='word_1_291' title='bbox 1407 3874 1481 3939; x_wconf 89' lang='lat' dir='ltr'><strong>illos</strong></span> <span class='ocrx_word' id='word_1_292' title='bbox 1510 3874 1701 3940; x_wconf 76' lang='lat' dir='ltr'><strong>levaverunt</strong></span> <span class='ocrx_word' id='word_1_293' title='bbox 1730 3881 1766 3940; x_wconf 88' lang='lat' dir='ltr'><strong>et</strong></span> 
     </span>
     <span class='ocr_line' id='line_1_30' title="bbox 260 3967 460 4046; baseline 0.015 -20"><span class='ocrx_word' id='word_1_294' title='bbox 260 3967 460 4046; x_wconf 83' lang='lat' dir='ltr'><strong>receperunt.</strong></span> 
     </span>
    </p>
   </div>
   <div class='ocr_carea' id='block_1_11' title="bbox 259 4097 1766 4446">
    <p class='ocr_par' dir='ltr' id='par_1_11' title="bbox 259 4097 1766 4446">
     <span class='ocr_line' id='line_1_31' title="bbox 305 4097 1766 4184; baseline 0.003 -24"><span class='ocrx_word' id='word_1_295' title='bbox 305 4097 348 4161; x_wconf 91' lang='lat' dir='ltr'><strong>Et</strong></span> <span class='ocrx_word' id='word_1_296' title='bbox 374 4098 416 4161; x_wconf 90' lang='lat' dir='ltr'><strong>de</strong></span> <span class='ocrx_word' id='word_1_297' title='bbox 442 4120 504 4165; x_wconf 78' lang='lat' dir='ltr'><strong>cs.</strong></span> <span class='ocrx_word' id='word_1_298' title='bbox 520 4119 578 4183; x_wconf 92' lang='lat' dir='ltr'><strong>pro</strong></span> <span class='ocrx_word' id='word_1_299' title='bbox 601 4099 640 4184; x_wconf 84' lang='lat' dir='ltr'><strong>ij.</strong></span> <span class='ocrx_word' id='word_1_300' title='bbox 656 4099 681 4165; x_wconf 80' lang='lat' dir='ltr'><strong>f.</strong></span> <span class='ocrx_word' id='word_1_301' title='bbox 710 4106 744 4164; x_wconf 89' lang='lat' dir='ltr'><strong>et</strong></span> <span class='ocrx_word' id='word_1_302' title='bbox 770 4099 815 4164; x_wconf 90' lang='lat' dir='ltr'><strong>di.</strong></span> <span class='ocrx_word' id='word_1_303' title='bbox 842 4099 882 4163; x_wconf 87' lang='lat' dir='ltr'><strong>de</strong></span> <span class='ocrx_word' id='word_1_304' title='bbox 909 4098 1058 4164; x_wconf 84' lang='lat' dir='ltr'><strong>Gilberto</strong></span> <span class='ocrx_word' id='word_1_305' title='bbox 1081 4100 1123 4162; x_wconf 92' lang='lat' dir='ltr'><strong>de</strong></span> <span class='ocrx_word' id='word_1_306' title='bbox 1151 4098 1334 4177; x_wconf 84' lang='lat' dir='ltr'><strong>Umfravill,</strong></span> <span class='ocrx_word' id='word_1_307' title='bbox 1358 4097 1476 4178; x_wconf 85' lang='lat' dir='ltr'><strong>milite,</strong></span> <span class='ocrx_word' id='word_1_308' title='bbox 1499 4104 1539 4161; x_wconf 93' lang='lat' dir='ltr'><strong>ut</strong></span> <span class='ocrx_word' id='word_1_309' title='bbox 1562 4099 1596 4161; x_wconf 94' lang='lat' dir='ltr'><strong>in</strong></span> <span class='ocrx_word' id='word_1_310' title='bbox 1612 4099 1700 4163; x_wconf 86' lang='lat' dir='ltr'><strong>villis</strong></span> <span class='ocrx_word' id='word_1_311' title='bbox 1725 4100 1766 4164; x_wconf 95' lang='lat' dir='ltr'><strong>de</strong></span> 
     </span>
     <span class='ocr_line' id='line_1_32' title="bbox 262 4185 1765 4265; baseline 0.003 -15"><span class='ocrx_word' id='word_1_312' title='bbox 262 4188 503 4263; x_wconf 77' lang='lat' dir='ltr'><strong>Ansownsros,</strong></span> <span class='ocrx_word' id='word_1_313' title='bbox 531 4186 847 4265; x_wconf 66' lang='lat' dir='ltr'><strong>sensumsensurn,</strong></span> <span class='ocrx_word' id='word_1_314' title='bbox 873 4186 1078 4265; x_wconf 67' lang='lat' dir='ltr'><strong>Scammos,</strong></span> <span class='ocrx_word' id='word_1_315' title='bbox 1108 4186 1321 4264; x_wconf 79' lang='lat' dir='ltr'><strong>Tumuanan,</strong></span> <span class='ocrx_word' id='word_1_316' title='bbox 1348 4185 1532 4264; x_wconf 75' lang='lat' dir='ltr'><strong>Cnnrrrrrnn,</strong></span> <span class='ocrx_word' id='word_1_317' title='bbox 1556 4185 1765 4265; x_wconf 78' lang='lat' dir='ltr'><strong>Burunsnorr,</strong></span> 
     </span>
     <span class='ocr_line' id='line_1_33' title="bbox 262 4272 1765 4354; baseline 0.002 -16"><span class='ocrx_word' id='word_1_318' title='bbox 262 4273 455 4352; x_wconf 81' lang='lat' dir='ltr'><strong>Boscunou,</strong></span> <span class='ocrx_word' id='word_1_319' title='bbox 472 4273 658 4353; x_wconf 76' lang='lat' dir='ltr'><strong>Numeros,</strong></span> <span class='ocrx_word' id='word_1_320' title='bbox 676 4274 826 4353; x_wconf 77' lang='lat' dir='ltr'><strong>Faunos,</strong></span> <span class='ocrx_word' id='word_1_321' title='bbox 844 4276 1001 4353; x_wconf 69' lang='lat' dir='ltr'><strong>Artenam,</strong></span> <span class='ocrx_word' id='word_1_322' title='bbox 1017 4294 1093 4337; x_wconf 94' lang='lat' dir='ltr'><strong>cum</strong></span> <span class='ocrx_word' id='word_1_323' title='bbox 1108 4274 1263 4338; x_wconf 91' lang='lat' dir='ltr'><strong>membris</strong></span> <span class='ocrx_word' id='word_1_324' title='bbox 1277 4273 1521 4339; x_wconf 79' lang='lat' dir='ltr'><strong>Hnsrnsnsvrn</strong></span> <span class='ocrx_word' id='word_1_325' title='bbox 1540 4278 1575 4336; x_wconf 91' lang='lat' dir='ltr'><strong>et</strong></span> <span class='ocrx_word' id='word_1_326' title='bbox 1596 4272 1765 4354; x_wconf 81' lang='lat' dir='ltr'><strong>ansnsr,</strong></span> 
     </span>
     <span class='ocr_line' id='line_1_34' title="bbox 259 4358 1678 4446; baseline 0.001 -23"><span class='ocrx_word' id='word_1_327' title='bbox 259 4378 322 4442; x_wconf 87' lang='lat' dir='ltr'><strong>que</strong></span> <span class='ocrx_word' id='word_1_328' title='bbox 335 4364 493 4424; x_wconf 86' lang='lat' dir='ltr'><strong>tenentur</strong></span> <span class='ocrx_word' id='word_1_329' title='bbox 508 4359 550 4425; x_wconf 90' lang='lat' dir='ltr'><strong>de</strong></span> <span class='ocrx_word' id='word_1_330' title='bbox 566 4361 711 4424; x_wconf 89' lang='lat' dir='ltr'><strong>Henrico</strong></span> <span class='ocrx_word' id='word_1_331' title='bbox 725 4361 766 4425; x_wconf 84' lang='lat' dir='ltr'><strong>de</strong></span> <span class='ocrx_word' id='word_1_332' title='bbox 780 4360 891 4446; x_wconf 86' lang='lat' dir='ltr'><strong>Percy‚</strong></span> <span class='ocrx_word' id='word_1_333' title='bbox 906 4366 946 4425; x_wconf 88' lang='lat' dir='ltr'><strong>ut</strong></span> <span class='ocrx_word' id='word_1_334' title='bbox 960 4361 1001 4425; x_wconf 86' lang='lat' dir='ltr'><strong>dc</strong></span> <span class='ocrx_word' id='word_1_335' title='bbox 1016 4361 1158 4445; x_wconf 77' lang='lat' dir='ltr'><strong>parcella</strong></span> <span class='ocrx_word' id='word_1_336' title='bbox 1172 4359 1304 4424; x_wconf 83' lang='lat' dir='ltr'><strong>baronis</strong></span> <span class='ocrx_word' id='word_1_337' title='bbox 1319 4360 1360 4424; x_wconf 88' lang='lat' dir='ltr'><strong>dc</strong></span> <span class='ocrx_word' id='word_1_338' title='bbox 1374 4358 1488 4445; x_wconf 80' lang='lat' dir='ltr'><strong>Vescy,</strong></span> <span class='ocrx_word' id='word_1_339' title='bbox 1502 4364 1599 4443; x_wconf 87' lang='lat' dir='ltr'><strong>prout</strong></span> <span class='ocrx_word' id='word_1_340' title='bbox 1615 4367 1678 4425; x_wconf 90' lang='lat' dir='ltr'><strong>etc.</strong></span> 
     </span>
    </p>
   </div>
   <div class='ocr_carea' id='block_1_12' title="bbox 260 4495 1767 4672">
    <p class='ocr_par' dir='ltr' id='par_1_12' title="bbox 260 4495 1767 4672">
     <span class='ocr_line' id='line_1_35' title="bbox 303 4495 1767 4582; baseline 0.003 -25"><span class='ocrx_word' id='word_1_341' title='bbox 303 4496 346 4559; x_wconf 87' lang='lat' dir='ltr'><strong>Et</strong></span> <span class='ocrx_word' id='word_1_342' title='bbox 361 4496 402 4560; x_wconf 88' lang='lat' dir='ltr'><strong>de</strong></span> <span class='ocrx_word' id='word_1_343' title='bbox 416 4496 493 4561; x_wconf 74' lang='lat' dir='ltr'><strong>xis.</strong></span> <span class='ocrx_word' id='word_1_344' title='bbox 510 4517 568 4580; x_wconf 88' lang='lat' dir='ltr'><strong>pro</strong></span> <span class='ocrx_word' id='word_1_345' title='bbox 578 4496 606 4580; x_wconf 88' lang='lat' dir='ltr'><strong>j.</strong></span> <span class='ocrx_word' id='word_1_346' title='bbox 623 4497 647 4563; x_wconf 84' lang='lat' dir='ltr'><strong>f.</strong></span> <span class='ocrx_word' id='word_1_347' title='bbox 665 4519 710 4563; x_wconf 93' lang='lat' dir='ltr'><strong>m.</strong></span> <span class='ocrx_word' id='word_1_348' title='bbox 727 4496 768 4560; x_wconf 90' lang='lat' dir='ltr'><strong>de</strong></span> <span class='ocrx_word' id='word_1_349' title='bbox 784 4497 947 4561; x_wconf 86' lang='lat' dir='ltr'><strong>Willelmo</strong></span> <span class='ocrx_word' id='word_1_350' title='bbox 962 4498 1002 4561; x_wconf 91' lang='lat' dir='ltr'><strong>de</strong></span> <span class='ocrx_word' id='word_1_351' title='bbox 1018 4497 1201 4575; x_wconf 89' lang='lat' dir='ltr'><strong>Bcroudon,</strong></span> <span class='ocrx_word' id='word_1_352' title='bbox 1216 4504 1256 4560; x_wconf 92' lang='lat' dir='ltr'><strong>nt</strong></span> <span class='ocrx_word' id='word_1_353' title='bbox 1272 4498 1307 4559; x_wconf 91' lang='lat' dir='ltr'><strong>in</strong></span> <span class='ocrx_word' id='word_1_354' title='bbox 1323 4496 1402 4560; x_wconf 85' lang='lat' dir='ltr'><strong>villa</strong></span> <span class='ocrx_word' id='word_1_355' title='bbox 1422 4495 1464 4559; x_wconf 94' lang='lat' dir='ltr'><strong>de</strong></span> <span class='ocrx_word' id='word_1_356' title='bbox 1490 4496 1686 4576; x_wconf 79' lang='lat' dir='ltr'><strong>Bonouoon,</strong></span> <span class='ocrx_word' id='word_1_357' title='bbox 1703 4517 1767 4582; x_wconf 88' lang='lat' dir='ltr'><strong>que</strong></span> 
     </span>
     <span class='ocr_line' id='line_1_36' title="bbox 260 4584 1656 4672; baseline 0.001 -25"><span class='ocrx_word' id='word_1_358' title='bbox 260 4588 415 4647; x_wconf 89' lang='lat' dir='ltr'><strong>tenentur</strong></span> <span class='ocrx_word' id='word_1_359' title='bbox 433 4586 501 4664; x_wconf 84' lang='lat' dir='ltr'><strong>(sic)</strong></span> <span class='ocrx_word' id='word_1_360' title='bbox 519 4585 559 4648; x_wconf 89' lang='lat' dir='ltr'><strong>de</strong></span> <span class='ocrx_word' id='word_1_361' title='bbox 574 4586 722 4668; x_wconf 86' lang='lat' dir='ltr'><strong>predicto</strong></span> <span class='ocrx_word' id='word_1_362' title='bbox 737 4584 887 4649; x_wconf 83' lang='lat' dir='ltr'><strong>Gilberto</strong></span> <span class='ocrx_word' id='word_1_363' title='bbox 903 4590 941 4649; x_wconf 87' lang='lat' dir='ltr'><strong>ut</strong></span> <span class='ocrx_word' id='word_1_364' title='bbox 955 4585 996 4649; x_wconf 91' lang='lat' dir='ltr'><strong>de</strong></span> <span class='ocrx_word' id='word_1_365' title='bbox 1011 4584 1149 4670; x_wconf 86' lang='lat' dir='ltr'><strong>percella</strong></span> <span class='ocrx_word' id='word_1_366' title='bbox 1163 4585 1295 4649; x_wconf 70' lang='lat' dir='ltr'><strong>baronis</strong></span> <span class='ocrx_word' id='word_1_367' title='bbox 1310 4584 1467 4667; x_wconf 88' lang='lat' dir='ltr'><strong>predicte,</strong></span> <span class='ocrx_word' id='word_1_368' title='bbox 1481 4588 1579 4672; x_wconf 83' lang='lat' dir='ltr'><strong>prout</strong></span> <span class='ocrx_word' id='word_1_369' title='bbox 1593 4589 1656 4649; x_wconf 88' lang='lat' dir='ltr'><strong>etc.</strong></span> 
     </span>
    </p>
   </div>
   <div class='ocr_carea' id='block_1_13' title="bbox 258 4718 1767 4892">
    <p class='ocr_par' dir='ltr' id='par_1_13' title="bbox 258 4718 1767 4892">
     <span class='ocr_line' id='line_1_37' title="bbox 303 4718 1767 4808; baseline 0.003 -26"><span class='ocrx_word' id='word_1_370' title='bbox 303 4718 349 4782; x_wconf 84' lang='lat' dir='ltr'><strong>Et</strong></span> <span class='ocrx_word' id='word_1_371' title='bbox 363 4720 404 4784; x_wconf 87' lang='lat' dir='ltr'><strong>de</strong></span> <span class='ocrx_word' id='word_1_372' title='bbox 419 4741 505 4786; x_wconf 64' lang='lat' dir='ltr'><strong>xrs.</strong></span> <span class='ocrx_word' id='word_1_373' title='bbox 521 4722 639 4805; x_wconf 91' lang='lat' dir='ltr'><strong>prodi.</strong></span> <span class='ocrx_word' id='word_1_374' title='bbox 656 4720 678 4785; x_wconf 82' lang='lat' dir='ltr'><strong>f.</strong></span> <span class='ocrx_word' id='word_1_375' title='bbox 696 4741 742 4787; x_wconf 91' lang='lat' dir='ltr'><strong>m.</strong></span> <span class='ocrx_word' id='word_1_376' title='bbox 768 4720 808 4785; x_wconf 89' lang='lat' dir='ltr'><strong>de</strong></span> <span class='ocrx_word' id='word_1_377' title='bbox 833 4718 958 4785; x_wconf 83' lang='lat' dir='ltr'><strong>Thomu</strong></span> <span class='ocrx_word' id='word_1_378' title='bbox 983 4722 1025 4785; x_wconf 91' lang='lat' dir='ltr'><strong>de</strong></span> <span class='ocrx_word' id='word_1_379' title='bbox 1054 4720 1205 4800; x_wconf 88' lang='lat' dir='ltr'><strong>Clenhill,</strong></span> <span class='ocrx_word' id='word_1_380' title='bbox 1231 4725 1270 4784; x_wconf 88' lang='lat' dir='ltr'><strong>ut</strong></span> <span class='ocrx_word' id='word_1_381' title='bbox 1293 4722 1329 4784; x_wconf 92' lang='lat' dir='ltr'><strong>in</strong></span> <span class='ocrx_word' id='word_1_382' title='bbox 1346 4720 1424 4784; x_wconf 78' lang='lat' dir='ltr'><strong>villa</strong></span> <span class='ocrx_word' id='word_1_383' title='bbox 1447 4721 1488 4784; x_wconf 91' lang='lat' dir='ltr'><strong>de</strong></span> <span class='ocrx_word' id='word_1_384' title='bbox 1505 4720 1690 4803; x_wconf 75' lang='lat' dir='ltr'><strong>Onnum,</strong></span> <span class='ocrx_word' id='word_1_385' title='bbox 1705 4743 1767 4808; x_wconf 89' lang='lat' dir='ltr'><strong>que</strong></span> 
     </span>
     <span class='ocr_line' id='line_1_38' title="bbox 258 4807 1549 4892; baseline 0.002 -22"><span class='ocrx_word' id='word_1_386' title='bbox 258 4810 389 4871; x_wconf 88' lang='lat' dir='ltr'><strong>tenetur</strong></span> <span class='ocrx_word' id='word_1_387' title='bbox 404 4808 445 4871; x_wconf 88' lang='lat' dir='ltr'><strong>de</strong></span> <span class='ocrx_word' id='word_1_388' title='bbox 461 4807 608 4891; x_wconf 89' lang='lat' dir='ltr'><strong>predicto</strong></span> <span class='ocrx_word' id='word_1_389' title='bbox 624 4808 773 4873; x_wconf 84' lang='lat' dir='ltr'><strong>Gilbertc</strong></span> <span class='ocrx_word' id='word_1_390' title='bbox 787 4813 824 4873; x_wconf 92' lang='lat' dir='ltr'><strong>ut</strong></span> <span class='ocrx_word' id='word_1_391' title='bbox 841 4808 881 4872; x_wconf 93' lang='lat' dir='ltr'><strong>de</strong></span> <span class='ocrx_word' id='word_1_392' title='bbox 896 4808 1037 4892; x_wconf 80' lang='lat' dir='ltr'><strong>parcella</strong></span> <span class='ocrx_word' id='word_1_393' title='bbox 1052 4809 1183 4874; x_wconf 84' lang='lat' dir='ltr'><strong>baronis</strong></span> <span class='ocrx_word' id='word_1_394' title='bbox 1199 4808 1358 4891; x_wconf 89' lang='lat' dir='ltr'><strong>predicte,</strong></span> <span class='ocrx_word' id='word_1_395' title='bbox 1374 4814 1471 4892; x_wconf 89' lang='lat' dir='ltr'><strong>prout</strong></span> <span class='ocrx_word' id='word_1_396' title='bbox 1485 4815 1549 4873; x_wconf 86' lang='lat' dir='ltr'><strong>etc.</strong></span> 
     </span>
    </p>
   </div>
   <div class='ocr_carea' id='block_1_14' title="bbox 259 4941 1767 5203">
    <p class='ocr_par' dir='ltr' id='par_1_14' title="bbox 259 4941 1767 5203">
     <span class='ocr_line' id='line_1_39' title="bbox 303 4941 1767 5028; baseline 0.006 -23"><span class='ocrx_word' id='word_1_397' title='bbox 303 4941 349 5005; x_wconf 83' lang='lat' dir='ltr'><strong>st</strong></span> <span class='ocrx_word' id='word_1_398' title='bbox 363 4942 403 5007; x_wconf 86' lang='lat' dir='ltr'><strong>de</strong></span> <span class='ocrx_word' id='word_1_399' title='bbox 417 4943 496 5009; x_wconf 82' lang='lat' dir='ltr'><strong>xlc.</strong></span> <span class='ocrx_word' id='word_1_400' title='bbox 514 4964 572 5027; x_wconf 90' lang='lat' dir='ltr'><strong>pro</strong></span> <span class='ocrx_word' id='word_1_401' title='bbox 582 4944 610 5028; x_wconf 89' lang='lat' dir='ltr'><strong>j.</strong></span> <span class='ocrx_word' id='word_1_402' title='bbox 626 4943 650 5010; x_wconf 83' lang='lat' dir='ltr'><strong>f.</strong></span> <span class='ocrx_word' id='word_1_403' title='bbox 668 4966 713 5010; x_wconf 91' lang='lat' dir='ltr'><strong>m.</strong></span> <span class='ocrx_word' id='word_1_404' title='bbox 730 4945 772 5008; x_wconf 89' lang='lat' dir='ltr'><strong>de</strong></span> <span class='ocrx_word' id='word_1_405' title='bbox 789 4943 953 5009; x_wconf 89' lang='lat' dir='ltr'><strong>Willelmc</strong></span> <span class='ocrx_word' id='word_1_406' title='bbox 968 4944 1037 5008; x_wconf 91' lang='lat' dir='ltr'><strong>filio</strong></span> <span class='ocrx_word' id='word_1_407' title='bbox 1052 4944 1149 5008; x_wconf 83' lang='lat' dir='ltr'><strong>Alani</strong></span> <span class='ocrx_word' id='word_1_408' title='bbox 1164 4943 1206 5008; x_wconf 89' lang='lat' dir='ltr'><strong>de</strong></span> <span class='ocrx_word' id='word_1_409' title='bbox 1220 4944 1333 5008; x_wconf 86' lang='lat' dir='ltr'><strong>Hoton</strong></span> <span class='ocrx_word' id='word_1_410' title='bbox 1347 4950 1385 5007; x_wconf 92' lang='lat' dir='ltr'><strong>ut</strong></span> <span class='ocrx_word' id='word_1_411' title='bbox 1410 4944 1445 5007; x_wconf 90' lang='lat' dir='ltr'><strong>in</strong></span> <span class='ocrx_word' id='word_1_412' title='bbox 1461 4944 1541 5008; x_wconf 84' lang='lat' dir='ltr'><strong>villo</strong></span> <span class='ocrx_word' id='word_1_413' title='bbox 1566 4944 1608 5009; x_wconf 89' lang='lat' dir='ltr'><strong>de</strong></span> <span class='ocrx_word' id='word_1_414' title='bbox 1623 4947 1767 5013; x_wconf 75' lang='lat' dir='ltr'><strong>Artem</strong></span> 
     </span>
     <span class='ocr_line' id='line_1_40' title="bbox 259 5030 1767 5117; baseline 0.005 -25"><span class='ocrx_word' id='word_1_415' title='bbox 259 5049 334 5093; x_wconf 90' lang='lat' dir='ltr'><strong>cum</strong></span> <span class='ocrx_word' id='word_1_416' title='bbox 359 5030 515 5095; x_wconf 88' lang='lat' dir='ltr'><strong>membris</strong></span> <span class='ocrx_word' id='word_1_417' title='bbox 542 5034 620 5111; x_wconf 90' lang='lat' dir='ltr'><strong>suis,</strong></span> <span class='ocrx_word' id='word_1_418' title='bbox 634 5031 788 5095; x_wconf 88' lang='lat' dir='ltr'><strong>videlicet</strong></span> <span class='ocrx_word' id='word_1_419' title='bbox 812 5031 1057 5098; x_wconf 76' lang='lat' dir='ltr'><strong>Hanunsnsvm</strong></span> <span class='ocrx_word' id='word_1_420' title='bbox 1080 5042 1113 5096; x_wconf 90' lang='lat' dir='ltr'><strong>et</strong></span> <span class='ocrx_word' id='word_1_421' title='bbox 1135 5032 1305 5111; x_wconf 82' lang='lat' dir='ltr'><strong>annnsr,</strong></span> <span class='ocrx_word' id='word_1_422' title='bbox 1319 5051 1380 5116; x_wconf 89' lang='lat' dir='ltr'><strong>quc</strong></span> <span class='ocrx_word' id='word_1_423' title='bbox 1395 5036 1552 5097; x_wconf 90' lang='lat' dir='ltr'><strong>tenentur</strong></span> <span class='ocrx_word' id='word_1_424' title='bbox 1567 5031 1608 5097; x_wconf 85' lang='lat' dir='ltr'><strong>de</strong></span> <span class='ocrx_word' id='word_1_425' title='bbox 1622 5034 1767 5117; x_wconf 89' lang='lat' dir='ltr'><strong>predicto</strong></span> 
     </span>
     <span class='ocr_line' id='line_1_41' title="bbox 260 5114 1197 5203; baseline 0.006 -24"><span class='ocrx_word' id='word_1_426' title='bbox 260 5114 422 5195; x_wconf 86' lang='lat' dir='ltr'><strong>Gilberto,</strong></span> <span class='ocrx_word' id='word_1_427' title='bbox 437 5122 477 5182; x_wconf 92' lang='lat' dir='ltr'><strong>ut</strong></span> <span class='ocrx_word' id='word_1_428' title='bbox 490 5118 532 5182; x_wconf 89' lang='lat' dir='ltr'><strong>de</strong></span> <span class='ocrx_word' id='word_1_429' title='bbox 548 5119 687 5203; x_wconf 71' lang='lat' dir='ltr'><strong>parcella</strong></span> <span class='ocrx_word' id='word_1_430' title='bbox 701 5118 833 5185; x_wconf 83' lang='lat' dir='ltr'><strong>beronis</strong></span> <span class='ocrx_word' id='word_1_431' title='bbox 848 5120 1005 5203; x_wconf 87' lang='lat' dir='ltr'><strong>predicte,</strong></span> <span class='ocrx_word' id='word_1_432' title='bbox 1021 5126 1116 5203; x_wconf 86' lang='lat' dir='ltr'><strong>prout</strong></span> <span class='ocrx_word' id='word_1_433' title='bbox 1133 5124 1197 5185; x_wconf 83' lang='lat' dir='ltr'><strong>etc.</strong></span> 
     </span>
    </p>
   </div>
   <div class='ocr_carea' id='block_1_15' title="bbox 254 5252 1768 5515">
    <p class='ocr_par' dir='ltr' id='par_1_15' title="bbox 254 5252 1768 5515">
     <span class='ocr_line' id='line_1_42' title="bbox 298 5252 1768 5341; baseline 0.003 -24"><span class='ocrx_word' id='word_1_434' title='bbox 298 5252 342 5319; x_wconf 80' lang='lat' dir='ltr'><strong>Et</strong></span> <span class='ocrx_word' id='word_1_435' title='bbox 355 5254 396 5320; x_wconf 94' lang='lat' dir='ltr'><strong>de</strong></span> <span class='ocrx_word' id='word_1_436' title='bbox 411 5277 497 5322; x_wconf 67' lang='lat' dir='ltr'><strong>rsa.</strong></span> <span class='ocrx_word' id='word_1_437' title='bbox 513 5257 651 5341; x_wconf 89' lang='lat' dir='ltr'><strong>receptis</strong></span> <span class='ocrx_word' id='word_1_438' title='bbox 665 5256 702 5320; x_wconf 89' lang='lat' dir='ltr'><strong>iu</strong></span> <span class='ocrx_word' id='word_1_439' title='bbox 716 5262 843 5339; x_wconf 89' lang='lat' dir='ltr'><strong>partem</strong></span> <span class='ocrx_word' id='word_1_440' title='bbox 860 5256 1034 5321; x_wconf 89' lang='lat' dir='ltr'><strong>solucionis</strong></span> <span class='ocrx_word' id='word_1_441' title='bbox 1049 5256 1125 5323; x_wconf 79' lang='lat' dir='ltr'><strong>xlc.</strong></span> <span class='ocrx_word' id='word_1_442' title='bbox 1142 5276 1201 5340; x_wconf 93' lang='lat' dir='ltr'><strong>pro</strong></span> <span class='ocrx_word' id='word_1_443' title='bbox 1218 5254 1246 5340; x_wconf 86' lang='lat' dir='ltr'><strong>j.</strong></span> <span class='ocrx_word' id='word_1_444' title='bbox 1263 5256 1286 5319; x_wconf 80' lang='lat' dir='ltr'><strong>f.</strong></span> <span class='ocrx_word' id='word_1_445' title='bbox 1312 5276 1358 5322; x_wconf 92' lang='lat' dir='ltr'><strong>m.</strong></span> <span class='ocrx_word' id='word_1_446' title='bbox 1374 5256 1416 5319; x_wconf 88' lang='lat' dir='ltr'><strong>de</strong></span> <span class='ocrx_word' id='word_1_447' title='bbox 1430 5255 1573 5321; x_wconf 85' lang='lat' dir='ltr'><strong>Henrico</strong></span> <span class='ocrx_word' id='word_1_448' title='bbox 1587 5255 1627 5321; x_wconf 90' lang='lat' dir='ltr'><strong>de</strong></span> <span class='ocrx_word' id='word_1_449' title='bbox 1643 5257 1674 5319; x_wconf 85' lang='lat' dir='ltr'><strong>le</strong></span> <span class='ocrx_word' id='word_1_450' title='bbox 1688 5256 1768 5321; x_wconf 84' lang='lat' dir='ltr'><strong>Vale</strong></span> 
     </span>
     <span class='ocr_line' id='line_1_43' title="bbox 254 5341 1767 5428; baseline 0.002 -22"><span class='ocrx_word' id='word_1_451' title='bbox 254 5346 290 5406; x_wconf 91' lang='lat' dir='ltr'><strong>et</strong></span> <span class='ocrx_word' id='word_1_452' title='bbox 307 5342 470 5408; x_wconf 86' lang='lat' dir='ltr'><strong>Willslmo</strong></span> <span class='ocrx_word' id='word_1_453' title='bbox 484 5343 524 5407; x_wconf 92' lang='lat' dir='ltr'><strong>de</strong></span> <span class='ocrx_word' id='word_1_454' title='bbox 539 5345 570 5407; x_wconf 83' lang='lat' dir='ltr'><strong>la</strong></span> <span class='ocrx_word' id='word_1_455' title='bbox 586 5343 676 5422; x_wconf 89' lang='lat' dir='ltr'><strong>Vale,</strong></span> <span class='ocrx_word' id='word_1_456' title='bbox 691 5350 729 5409; x_wconf 92' lang='lat' dir='ltr'><strong>ut</strong></span> <span class='ocrx_word' id='word_1_457' title='bbox 744 5346 778 5409; x_wconf 89' lang='lat' dir='ltr'><strong>in</strong></span> <span class='ocrx_word' id='word_1_458' title='bbox 795 5344 873 5409; x_wconf 85' lang='lat' dir='ltr'><strong>villo</strong></span> <span class='ocrx_word' id='word_1_459' title='bbox 887 5344 928 5408; x_wconf 87' lang='lat' dir='ltr'><strong>de</strong></span> <span class='ocrx_word' id='word_1_460' title='bbox 944 5344 1157 5423; x_wconf 80' lang='lat' dir='ltr'><strong>Bsrnssonrt,</strong></span> <span class='ocrx_word' id='word_1_461' title='bbox 1167 5364 1232 5428; x_wconf 87' lang='lat' dir='ltr'><strong>qne</strong></span> <span class='ocrx_word' id='word_1_462' title='bbox 1248 5349 1381 5408; x_wconf 89' lang='lat' dir='ltr'><strong>tenetur</strong></span> <span class='ocrx_word' id='word_1_463' title='bbox 1399 5341 1440 5408; x_wconf 90' lang='lat' dir='ltr'><strong>de</strong></span> <span class='ocrx_word' id='word_1_464' title='bbox 1455 5342 1600 5427; x_wconf 85' lang='lat' dir='ltr'><strong>predicto</strong></span> <span class='ocrx_word' id='word_1_465' title='bbox 1615 5342 1767 5410; x_wconf 85' lang='lat' dir='ltr'><strong>Gilberto</strong></span> 
     </span>
     <span class='ocr_line' id='line_1_44' title="bbox 257 5430 1019 5515; baseline 0.003 -23"><span class='ocrx_word' id='word_1_466' title='bbox 257 5434 295 5494; x_wconf 92' lang='lat' dir='ltr'><strong>nt</strong></span> <span class='ocrx_word' id='word_1_467' title='bbox 310 5431 349 5497; x_wconf 86' lang='lat' dir='ltr'><strong>de</strong></span> <span class='ocrx_word' id='word_1_468' title='bbox 364 5430 506 5514; x_wconf 88' lang='lat' dir='ltr'><strong>parcella</strong></span> <span class='ocrx_word' id='word_1_469' title='bbox 521 5430 653 5497; x_wconf 82' lang='lat' dir='ltr'><strong>baronis</strong></span> <span class='ocrx_word' id='word_1_470' title='bbox 668 5432 827 5514; x_wconf 84' lang='lat' dir='ltr'><strong>predicte,</strong></span> <span class='ocrx_word' id='word_1_471' title='bbox 844 5434 942 5515; x_wconf 91' lang='lat' dir='ltr'><strong>prout</strong></span> <span class='ocrx_word' id='word_1_472' title='bbox 956 5438 1019 5495; x_wconf 89' lang='lat' dir='ltr'><strong>etc.</strong></span> 
     </span>
    </p>
   </div>
   <div class='ocr_carea' id='block_1_16' title="bbox 0 0 2071 6209">
    <p class='ocr_par' dir='ltr' id='par_1_16' title="bbox 0 0 2071 6209">
     <span class='ocr_line' id='line_1_45' title="bbox 0 0 2071 6209; baseline 0 0"><span class='ocrx_word' id='word_1_473' title='bbox 0 0 2071 6209; x_wconf 95' lang='lat' dir='ltr'><strong> </strong></span> 
     </span>
    </p>
   </div>
  </div>
 </body>
</html>
