<?xml version="1.0" encoding="UTF-8"?>
<!DOCTYPE html PUBLIC "-//W3C//DTD XHTML 1.0 Transitional//EN"
    "http://www.w3.org/TR/xhtml1/DTD/xhtml1-transitional.dtd">
<html xmlns="http://www.w3.org/1999/xhtml" xml:lang="en" lang="en">
 <head>
  <title>
</title>
<meta http-equiv="Content-Type" content="text/html;charset=utf-8" />
  <meta name='ocr-system' content='tesseract 3.04.00' />
  <meta name='ocr-capabilities' content='ocr_page ocr_carea ocr_par ocr_line ocrx_word'/>
</head>
<body>
  <div class='ocr_page' id='page_1' title='image "./inquisitionsand02offigoog/inquisitionsand02offigoog_0197.png"; bbox 0 0 4117 6209; ppageno 0'>
   <div class='ocr_carea' id='block_1_1' title="bbox 901 631 1746 704">
    <p class='ocr_par' dir='ltr' id='par_1_1' title="bbox 901 631 1746 704">
     <span class='ocr_line' id='line_1_1' title="bbox 901 631 1746 704; baseline -0.002 -2"><span class='ocrx_word' id='word_1_1' title='bbox 901 631 985 702; x_wconf 69' lang='lat' dir='ltr'>Ab.</span> <span class='ocrx_word' id='word_1_2' title='bbox 1010 639 1106 704; x_wconf 73' lang='lat'>1346.</span> <span class='ocrx_word' id='word_1_3' title='bbox 1684 637 1746 701; x_wconf 76' lang='lat'>181</span> 
     </span>
    </p>
   </div>
   <div class='ocr_carea' id='block_1_2' title="bbox 243 913 1743 1091">
    <p class='ocr_par' dir='ltr' id='par_1_2' title="bbox 243 913 1743 1091">
     <span class='ocr_line' id='line_1_2' title="bbox 286 913 1743 1012; baseline 0.003 -33"><span class='ocrx_word' id='word_1_4' title='bbox 286 913 451 982; x_wconf 82' lang='lat' dir='ltr'>Jobnnnes</span> <span class='ocrx_word' id='word_1_5' title='bbox 473 915 505 983; x_wconf 89' lang='lat' dir='ltr'>le</span> <span class='ocrx_word' id='word_1_6' title='bbox 528 915 633 986; x_wconf 88' lang='lat' dir='ltr'>Poure</span> <span class='ocrx_word' id='word_1_7' title='bbox 660 926 753 987; x_wconf 85' lang='lat' dir='ltr'>tenet</span> <span class='ocrx_word' id='word_1_8' title='bbox 782 921 926 1012; x_wconf 80' lang='lat' dir='ltr'>[sillem]</span> <span class='ocrx_word' id='word_1_9' title='bbox 958 925 1000 990; x_wconf 88' lang='lat' dir='ltr'>de</span> <span class='ocrx_word' id='word_1_10' title='bbox 1024 925 1182 993; x_wconf 76' lang='lat' dir='ltr'>Ominou</span> <span class='ocrx_word' id='word_1_11' title='bbox 1215 920 1289 1010; x_wconf 90' lang='lat' dir='ltr'>[pro</span> <span class='ocrx_word' id='word_1_12' title='bbox 1314 923 1360 987; x_wconf 90' lang='lat' dir='ltr'>di.</span> <span class='ocrx_word' id='word_1_13' title='bbox 1377 922 1400 988; x_wconf 83' lang='lat' dir='ltr'>f.</span> <span class='ocrx_word' id='word_1_14' title='bbox 1417 944 1463 988; x_wconf 90' lang='lat' dir='ltr'>m.</span> <span class='ocrx_word' id='word_1_15' title='bbox 1479 921 1566 1005; x_wconf 89' lang='lat' dir='ltr'>quod</span> <span class='ocrx_word' id='word_1_16' title='bbox 1581 920 1743 1006; x_wconf 80' lang='lat' dir='ltr'>quondam</span> 
     </span>
     <span class='ocr_line' id='line_1_3' title="bbox 243 1000 686 1091; baseline 0.02 -26"><span class='ocrx_word' id='word_1_17' title='bbox 243 1000 369 1091; x_wconf 85' lang='lat' dir='ltr'>tenuit]</span> <span class='ocrx_word' id='word_1_18' title='bbox 390 1004 555 1071; x_wconf 79' lang='lat' dir='ltr'>Wclterns</span> <span class='ocrx_word' id='word_1_19' title='bbox 568 1007 686 1075; x_wconf 88' lang='lat' dir='ltr'>Poure.</span> 
     </span>
    </p>
   </div>
   <div class='ocr_carea' id='block_1_3' title="bbox 243 1141 1744 1322">
    <p class='ocr_par' dir='ltr' id='par_1_3' title="bbox 243 1141 1744 1322">
     <span class='ocr_line' id='line_1_4' title="bbox 286 1141 1744 1231; baseline 0.008 -28"><span class='ocrx_word' id='word_1_20' title='bbox 286 1141 428 1206; x_wconf 85' lang='lat' dir='ltr'>Audrees</span> <span class='ocrx_word' id='word_1_21' title='bbox 455 1143 486 1208; x_wconf 88' lang='lat' dir='ltr'>le</span> <span class='ocrx_word' id='word_1_22' title='bbox 516 1141 604 1231; x_wconf 84' lang='lat' dir='ltr'>[ch</span> <span class='ocrx_word' id='word_1_23' title='bbox 627 1151 720 1212; x_wconf 85' lang='lat' dir='ltr'>tenet</span> <span class='ocrx_word' id='word_1_24' title='bbox 748 1149 930 1212; x_wconf 69' lang='lat' dir='ltr'>manerium</span> <span class='ocrx_word' id='word_1_25' title='bbox 959 1151 1001 1213; x_wconf 90' lang='lat' dir='ltr'>de</span> <span class='ocrx_word' id='word_1_26' title='bbox 1024 1150 1251 1216; x_wconf 69' lang='lat' dir='ltr'>Noscnssou</span> <span class='ocrx_word' id='word_1_27' title='bbox 1281 1147 1321 1212; x_wconf 89' lang='lat' dir='ltr'>de</span> <span class='ocrx_word' id='word_1_28' title='bbox 1361 1197 1368 1212; x_wconf 89' lang='lat'>.</span> <span class='ocrx_word' id='word_1_29' title='bbox 1418 1196 1425 1212; x_wconf 85' lang='lat'><strong>.</strong></span> <span class='ocrx_word' id='word_1_30' title='bbox 1474 1196 1481 1211; x_wconf 93' lang='lat'><em>.</em></span> <span class='ocrx_word' id='word_1_31' title='bbox 1530 1196 1536 1211; x_wconf 93' lang='lat'>.</span> <span class='ocrx_word' id='word_1_32' title='bbox 1585 1197 1592 1211; x_wconf 89' lang='lat'><strong>.</strong></span> <span class='ocrx_word' id='word_1_33' title='bbox 1641 1195 1648 1210; x_wconf 92' lang='lat'>.</span> <span class='ocrx_word' id='word_1_34' title='bbox 1686 1166 1744 1230; x_wconf 87' lang='lat' dir='ltr'>pro</span> 
     </span>
     <span class='ocr_line' id='line_1_5' title="bbox 243 1224 1187 1322; baseline 0.011 -31"><span class='ocrx_word' id='word_1_35' title='bbox 243 1224 304 1315; x_wconf 80' lang='lat' dir='ltr'>di]</span> <span class='ocrx_word' id='word_1_36' title='bbox 325 1228 348 1294; x_wconf 84' lang='lat' dir='ltr'>f.</span> <span class='ocrx_word' id='word_1_37' title='bbox 364 1249 410 1295; x_wconf 88' lang='lat' dir='ltr'>m.</span> <span class='ocrx_word' id='word_1_38' title='bbox 426 1232 512 1313; x_wconf 93' lang='lat' dir='ltr'>quod</span> <span class='ocrx_word' id='word_1_39' title='bbox 527 1232 691 1317; x_wconf 79' lang='lat' dir='ltr'>quondam</span> <span class='ocrx_word' id='word_1_40' title='bbox 705 1235 814 1299; x_wconf 86' lang='lat' dir='ltr'>tenuit</span> <span class='ocrx_word' id='word_1_41' title='bbox 837 1233 1022 1322; x_wconf 89' lang='lat' dir='ltr'>[Gilbertus</span> <span class='ocrx_word' id='word_1_42' title='bbox 1038 1237 1068 1300; x_wconf 90' lang='lat' dir='ltr'>le</span> <span class='ocrx_word' id='word_1_43' title='bbox 1083 1232 1187 1322; x_wconf 83' lang='lat' dir='ltr'>ch].</span> 
     </span>
    </p>
   </div>
   <div class='ocr_carea' id='block_1_4' title="bbox 244 1364 1746 1634">
    <p class='ocr_par' dir='ltr' id='par_1_4' title="bbox 244 1364 1746 1634">
     <span class='ocr_line' id='line_1_6' title="bbox 288 1364 1744 1459; baseline 0.002 -31"><span class='ocrx_word' id='word_1_44' title='bbox 288 1364 391 1429; x_wconf 86' lang='lat' dir='ltr'>libbss</span> <span class='ocrx_word' id='word_1_45' title='bbox 420 1364 477 1454; x_wconf 91' lang='lat' dir='ltr'>[de</span> <span class='ocrx_word' id='word_1_46' title='bbox 504 1370 630 1453; x_wconf 85' lang='lat' dir='ltr'>Oseney</span> <span class='ocrx_word' id='word_1_47' title='bbox 657 1369 766 1459; x_wconf 88' lang='lat' dir='ltr'>tenet]</span> <span class='ocrx_word' id='word_1_48' title='bbox 796 1373 1012 1438; x_wconf 73' lang='lat' dir='ltr'>medietatem</span> <span class='ocrx_word' id='word_1_49' title='bbox 1038 1374 1077 1438; x_wconf 91' lang='lat' dir='ltr'>de</span> <span class='ocrx_word' id='word_1_50' title='bbox 1103 1373 1266 1440; x_wconf 77' lang='lat' dir='ltr'>Hrurcos</span> <span class='ocrx_word' id='word_1_51' title='bbox 1292 1372 1363 1440; x_wconf 77' lang='lat' dir='ltr'>Gis</span> <span class='ocrx_word' id='word_1_52' title='bbox 1384 1392 1443 1456; x_wconf 91' lang='lat' dir='ltr'>pro</span> <span class='ocrx_word' id='word_1_53' title='bbox 1468 1370 1514 1434; x_wconf 93' lang='lat' dir='ltr'>di.</span> <span class='ocrx_word' id='word_1_54' title='bbox 1537 1367 1577 1456; x_wconf 87' lang='lat' dir='ltr'>[f.</span> <span class='ocrx_word' id='word_1_55' title='bbox 1606 1366 1669 1455; x_wconf 89' lang='lat' dir='ltr'>m.]</span> <span class='ocrx_word' id='word_1_56' title='bbox 1702 1368 1744 1431; x_wconf 90' lang='lat' dir='ltr'>de</span> 
     </span>
     <span class='ocr_line' id='line_1_7' title="bbox 250 1448 1746 1546; baseline 0.003 -31"><span class='ocrx_word' id='word_1_57' title='bbox 250 1448 413 1538; x_wconf 83' lang='lat' dir='ltr'>[Johsnnc</span> <span class='ocrx_word' id='word_1_58' title='bbox 443 1453 668 1521; x_wconf 76' lang='lat' dir='ltr'>chambernon</span> <span class='ocrx_word' id='word_1_59' title='bbox 697 1465 730 1523; x_wconf 92' lang='lat' dir='ltr'>et</span> <span class='ocrx_word' id='word_1_60' title='bbox 761 1461 876 1525; x_wconf 82' lang='lat' dir='ltr'>endem</span> <span class='ocrx_word' id='word_1_61' title='bbox 903 1459 1054 1525; x_wconf 80' lang='lat' dir='ltr'>Johannc</span> <span class='ocrx_word' id='word_1_62' title='bbox 1086 1461 1126 1524; x_wconf 89' lang='lat' dir='ltr'>de</span> <span class='ocrx_word' id='word_1_63' title='bbox 1158 1456 1295 1546; x_wconf 80' lang='lat' dir='ltr'>comite]</span> <span class='ocrx_word' id='word_1_64' title='bbox 1330 1458 1548 1538; x_wconf 85' lang='lat' dir='ltr'>Gloucestrie‚</span> <span class='ocrx_word' id='word_1_65' title='bbox 1579 1463 1614 1520; x_wconf 88' lang='lat' dir='ltr'>et</span> <span class='ocrx_word' id='word_1_66' title='bbox 1648 1457 1746 1520; x_wconf 79' lang='lat' dir='ltr'>eiiam</span> 
     </span>
     <span class='ocr_line' id='line_1_8' title="bbox 244 1540 1723 1634; baseline 0.006 -31"><span class='ocrx_word' id='word_1_67' title='bbox 244 1540 456 1605; x_wconf 71' lang='lat' dir='ltr'>medietatem</span> <span class='ocrx_word' id='word_1_68' title='bbox 470 1541 510 1606; x_wconf 89' lang='lat' dir='ltr'>de</span> <span class='ocrx_word' id='word_1_69' title='bbox 524 1543 618 1608; x_wconf 85' lang='lat' dir='ltr'>feodo</span> <span class='ocrx_word' id='word_1_70' title='bbox 632 1544 779 1625; x_wconf 83' lang='lat' dir='ltr'>Wnlrici,</span> <span class='ocrx_word' id='word_1_71' title='bbox 793 1547 880 1630; x_wconf 91' lang='lat' dir='ltr'>quod</span> <span class='ocrx_word' id='word_1_72' title='bbox 895 1549 1059 1634; x_wconf 82' lang='lat' dir='ltr'>quondam</span> <span class='ocrx_word' id='word_1_73' title='bbox 1074 1549 1181 1612; x_wconf 89' lang='lat' dir='ltr'>tenuit</span> <span class='ocrx_word' id='word_1_74' title='bbox 1216 1591 1723 1612; x_wconf 86' lang='grc'><strong>..........</strong></span> 
     </span>
    </p>
   </div>
   <div class='ocr_carea' id='block_1_5' title="bbox 244 1679 1744 1857">
    <p class='ocr_par' dir='ltr' id='par_1_5' title="bbox 244 1679 1744 1857">
     <span class='ocr_line' id='line_1_9' title="bbox 288 1679 1744 1750; baseline -0.001 -5"><span class='ocrx_word' id='word_1_75' title='bbox 288 1723 1344 1750; x_wconf 80' lang='grc'><strong>....................</strong></span> <span class='ocrx_word' id='word_1_76' title='bbox 1393 1683 1500 1749; x_wconf 74' lang='lat' dir='ltr'>Spore</span> <span class='ocrx_word' id='word_1_77' title='bbox 1532 1681 1573 1743; x_wconf 89' lang='lat' dir='ltr'>de</span> <span class='ocrx_word' id='word_1_78' title='bbox 1602 1679 1744 1743; x_wconf 80' lang='lat' dir='ltr'>Robertc</span> 
     </span>
     <span class='ocr_line' id='line_1_10' title="bbox 244 1764 1174 1857; baseline 0.012 -31"><span class='ocrx_word' id='word_1_79' title='bbox 244 1764 285 1826; x_wconf 89' lang='lat' dir='ltr'>de</span> <span class='ocrx_word' id='word_1_80' title='bbox 300 1764 423 1844; x_wconf 68' lang='lat' dir='ltr'>Insula,</span> <span class='ocrx_word' id='word_1_81' title='bbox 437 1770 524 1851; x_wconf 90' lang='lat' dir='ltr'>quod</span> <span class='ocrx_word' id='word_1_82' title='bbox 539 1769 704 1856; x_wconf 82' lang='lat' dir='ltr'>quondam</span> <span class='ocrx_word' id='word_1_83' title='bbox 720 1772 829 1835; x_wconf 83' lang='lat' dir='ltr'>tenuit</span> <span class='ocrx_word' id='word_1_84' title='bbox 843 1772 981 1857; x_wconf 70' lang='lat' dir='ltr'>Epidius</span> <span class='ocrx_word' id='word_1_85' title='bbox 995 1773 1035 1836; x_wconf 91' lang='lat' dir='ltr'>de</span> <span class='ocrx_word' id='word_1_86' title='bbox 1050 1772 1174 1837; x_wconf 83' lang='lat' dir='ltr'>Insula.</span> 
     </span>
    </p>
   </div>
   <div class='ocr_carea' id='block_1_6' title="bbox 244 1903 1746 2078">
    <p class='ocr_par' dir='ltr' id='par_1_6' title="bbox 244 1903 1746 2078">
     <span class='ocr_line' id='line_1_11' title="bbox 289 1903 1746 1991; baseline 0.001 -25"><span class='ocrx_word' id='word_1_87' title='bbox 289 1949 795 1973; x_wconf 88' lang='grc'><strong>..........</strong></span> <span class='ocrx_word' id='word_1_88' title='bbox 840 1914 932 1973; x_wconf 85' lang='lat' dir='ltr'>tenet</span> <span class='ocrx_word' id='word_1_89' title='bbox 972 1909 1185 1974; x_wconf 78' lang='lat' dir='ltr'>medietatem</span> <span class='ocrx_word' id='word_1_90' title='bbox 1230 1908 1305 1972; x_wconf 87' lang='lat' dir='ltr'>ville</span> <span class='ocrx_word' id='word_1_91' title='bbox 1345 1907 1493 1991; x_wconf 73' lang='lat' dir='ltr'>predicte</span> <span class='ocrx_word' id='word_1_92' title='bbox 1534 1905 1575 1969; x_wconf 94' lang='lat' dir='ltr'>de</span> <span class='ocrx_word' id='word_1_93' title='bbox 1605 1903 1746 1969; x_wconf 85' lang='lat' dir='ltr'>Roberto</span> 
     </span>
     <span class='ocr_line' id='line_1_12' title="bbox 244 1985 1604 2078; baseline 0.001 -23"><span class='ocrx_word' id='word_1_94' title='bbox 244 1985 378 2052; x_wconf 75' lang='lat' dir='ltr'>(lokfeld</span> <span class='ocrx_word' id='word_1_95' title='bbox 392 2011 451 2074; x_wconf 84' lang='lat' dir='ltr'>pro</span> <span class='ocrx_word' id='word_1_96' title='bbox 465 1992 511 2058; x_wconf 87' lang='lat' dir='ltr'>di.</span> <span class='ocrx_word' id='word_1_97' title='bbox 528 1995 550 2058; x_wconf 85' lang='lat' dir='ltr'>f.</span> <span class='ocrx_word' id='word_1_98' title='bbox 565 1995 652 2078; x_wconf 92' lang='lat' dir='ltr'>quod</span> <span class='ocrx_word' id='word_1_99' title='bbox 667 1996 831 2078; x_wconf 69' lang='lat' dir='ltr'>quondum</span> <span class='ocrx_word' id='word_1_100' title='bbox 877 2039 1604 2063; x_wconf 89' lang='grc'><strong>..............</strong></span> 
     </span>
    </p>
   </div>
   <div class='ocr_carea' id='block_1_7' title="bbox 246 2125 1745 2302">
    <p class='ocr_par' dir='ltr' id='par_1_7' title="bbox 246 2125 1745 2302">
     <span class='ocr_line' id='line_1_13' title="bbox 290 2125 1745 2212; baseline -0.005 -16"><span class='ocrx_word' id='word_1_101' title='bbox 290 2172 795 2196; x_wconf 81' lang='lat'><strong>..........</strong></span> <span class='ocrx_word' id='word_1_102' title='bbox 841 2137 932 2196; x_wconf 89' lang='lat' dir='ltr'>tenet</span> <span class='ocrx_word' id='word_1_103' title='bbox 957 2135 1141 2197; x_wconf 71' lang='lat' dir='ltr'>manerium</span> <span class='ocrx_word' id='word_1_104' title='bbox 1167 2130 1208 2194; x_wconf 90' lang='lat' dir='ltr'>de</span> <span class='ocrx_word' id='word_1_105' title='bbox 1235 2131 1443 2196; x_wconf 56' lang='lat' dir='ltr'>&amp;mundun</span> <span class='ocrx_word' id='word_1_106' title='bbox 1469 2147 1527 2212; x_wconf 90' lang='lat' dir='ltr'>pro</span> <span class='ocrx_word' id='word_1_107' title='bbox 1551 2127 1578 2212; x_wconf 80' lang='lat' dir='ltr'>j.</span> <span class='ocrx_word' id='word_1_108' title='bbox 1595 2126 1619 2192; x_wconf 85' lang='lat' dir='ltr'>f.</span> <span class='ocrx_word' id='word_1_109' title='bbox 1635 2146 1681 2191; x_wconf 91' lang='lat' dir='ltr'>m.</span> <span class='ocrx_word' id='word_1_110' title='bbox 1704 2125 1745 2189; x_wconf 89' lang='lat' dir='ltr'>de</span> 
     </span>
     <span class='ocr_line' id='line_1_14' title="bbox 246 2217 1455 2302; baseline -0.002 -20"><span class='ocrx_word' id='word_1_111' title='bbox 246 2260 672 2297; x_wconf 84' lang='lat'><strong>.........</strong></span> <span class='ocrx_word' id='word_1_112' title='bbox 687 2220 775 2300; x_wconf 89' lang='lat' dir='ltr'>quod</span> <span class='ocrx_word' id='word_1_113' title='bbox 789 2220 955 2302; x_wconf 81' lang='lat' dir='ltr'>quondum</span> <span class='ocrx_word' id='word_1_114' title='bbox 969 2221 1081 2284; x_wconf 89' lang='lat' dir='ltr'>tenuit</span> <span class='ocrx_word' id='word_1_115' title='bbox 1095 2218 1252 2284; x_wconf 79' lang='lat' dir='ltr'>Ricardus</span> <span class='ocrx_word' id='word_1_116' title='bbox 1268 2217 1455 2299; x_wconf 76' lang='lat' dir='ltr'>Dammory.</span> 
     </span>
    </p>
   </div>
   <div class='ocr_carea' id='block_1_8' title="bbox 246 2347 1737 2528">
    <p class='ocr_par' dir='ltr' id='par_1_8' title="bbox 246 2347 1737 2528">
     <span class='ocr_line' id='line_1_15' title="bbox 288 2347 1737 2443; baseline 0.001 -32"><span class='ocrx_word' id='word_1_117' title='bbox 288 2349 477 2415; x_wconf 81' lang='lat' dir='ltr'>Elimbetlrn</span> <span class='ocrx_word' id='word_1_118' title='bbox 497 2354 539 2417; x_wconf 94' lang='lat' dir='ltr'>de</span> <span class='ocrx_word' id='word_1_119' title='bbox 563 2353 673 2439; x_wconf 78' lang='lat' dir='ltr'>Borgb</span> <span class='ocrx_word' id='word_1_120' title='bbox 696 2362 790 2421; x_wconf 88' lang='lat' dir='ltr'>tenet</span> <span class='ocrx_word' id='word_1_121' title='bbox 813 2356 894 2422; x_wconf 77' lang='lat' dir='ltr'>dues</span> <span class='ocrx_word' id='word_1_122' title='bbox 919 2364 1028 2442; x_wconf 83' lang='lat' dir='ltr'>partes</span> <span class='ocrx_word' id='word_1_123' title='bbox 1053 2357 1129 2421; x_wconf 91' lang='lat' dir='ltr'>ville</span> <span class='ocrx_word' id='word_1_124' title='bbox 1160 2354 1217 2443; x_wconf 92' lang='lat' dir='ltr'>[dc</span> <span class='ocrx_word' id='word_1_125' title='bbox 1233 2356 1456 2422; x_wconf 76' lang='lat' dir='ltr'>Bnecsueuou</span> <span class='ocrx_word' id='word_1_126' title='bbox 1471 2353 1512 2416; x_wconf 93' lang='lat' dir='ltr'>de</span> <span class='ocrx_word' id='word_1_127' title='bbox 1528 2351 1666 2436; x_wconf 81' lang='lat' dir='ltr'>Hugone</span> <span class='ocrx_word' id='word_1_128' title='bbox 1681 2347 1737 2436; x_wconf 92' lang='lat' dir='ltr'>de]</span> 
     </span>
     <span class='ocr_line' id='line_1_16' title="bbox 246 2435 1289 2528; baseline 0.01 -30"><span class='ocrx_word' id='word_1_129' title='bbox 246 2435 358 2522; x_wconf 78' lang='lat' dir='ltr'>Plescy</span> <span class='ocrx_word' id='word_1_130' title='bbox 372 2457 429 2522; x_wconf 91' lang='lat' dir='ltr'>pro</span> <span class='ocrx_word' id='word_1_131' title='bbox 438 2438 467 2522; x_wconf 91' lang='lat' dir='ltr'>j.</span> <span class='ocrx_word' id='word_1_132' title='bbox 483 2437 507 2505; x_wconf 80' lang='lat' dir='ltr'>f.</span> <span class='ocrx_word' id='word_1_133' title='bbox 522 2441 609 2525; x_wconf 88' lang='lat' dir='ltr'>quod</span> <span class='ocrx_word' id='word_1_134' title='bbox 624 2442 789 2526; x_wconf 72' lang='lat' dir='ltr'>quondum</span> <span class='ocrx_word' id='word_1_135' title='bbox 803 2447 915 2509; x_wconf 83' lang='lat' dir='ltr'>tenuit</span> <span class='ocrx_word' id='word_1_136' title='bbox 928 2445 1087 2510; x_wconf 78' lang='lat' dir='ltr'>Ricardus</span> <span class='ocrx_word' id='word_1_137' title='bbox 1103 2444 1289 2528; x_wconf 78' lang='lat' dir='ltr'>Dsmmory.</span> 
     </span>
    </p>
   </div>
   <div class='ocr_carea' id='block_1_9' title="bbox 245 2567 1744 2836">
    <p class='ocr_par' dir='ltr' id='par_1_9' title="bbox 245 2567 1744 2836">
     <span class='ocr_line' id='line_1_17' title="bbox 294 2567 1744 2663; baseline -0.003 -26"><span class='ocrx_word' id='word_1_138' title='bbox 294 2567 495 2658; x_wconf 88' lang='lat' dir='ltr'>[Willclmus</span> <span class='ocrx_word' id='word_1_139' title='bbox 508 2575 793 2663; x_wconf 77' lang='lat' dir='ltr'>Musgrsvetenet</span> <span class='ocrx_word' id='word_1_140' title='bbox 839 2623 1230 2645; x_wconf 92' lang='grc'><strong>........</strong></span> <span class='ocrx_word' id='word_1_141' title='bbox 1275 2573 1402 2661; x_wconf 77' lang='lat' dir='ltr'>partes]</span> <span class='ocrx_word' id='word_1_142' title='bbox 1429 2573 1506 2637; x_wconf 88' lang='lat' dir='ltr'>ville</span> <span class='ocrx_word' id='word_1_143' title='bbox 1532 2571 1679 2656; x_wconf 79' lang='lat' dir='ltr'>predicte</span> <span class='ocrx_word' id='word_1_144' title='bbox 1705 2570 1744 2633; x_wconf 89' lang='lat' dir='ltr'>de</span> 
     </span>
     <span class='ocr_line' id='line_1_18' title="bbox 245 2656 1743 2752; baseline -0.001 -32"><span class='ocrx_word' id='word_1_145' title='bbox 245 2656 361 2722; x_wconf 79' lang='lat' dir='ltr'>herede</span> <span class='ocrx_word' id='word_1_146' title='bbox 384 2659 516 2726; x_wconf 81' lang='lat' dir='ltr'>Riosrdi</span> <span class='ocrx_word' id='word_1_147' title='bbox 541 2663 583 2728; x_wconf 89' lang='lat' dir='ltr'>de</span> <span class='ocrx_word' id='word_1_148' title='bbox 608 2663 792 2729; x_wconf 87' lang='lat' dir='ltr'>Bosenevill</span> <span class='ocrx_word' id='word_1_149' title='bbox 817 2686 876 2750; x_wconf 90' lang='lat' dir='ltr'>pro</span> <span class='ocrx_word' id='word_1_150' title='bbox 898 2678 1016 2752; x_wconf 76' lang='lat' dir='ltr'>quarte</span> <span class='ocrx_word' id='word_1_151' title='bbox 1040 2676 1132 2750; x_wconf 80' lang='lat' dir='ltr'>pnite</span> <span class='ocrx_word' id='word_1_152' title='bbox 1157 2665 1182 2751; x_wconf 82' lang='lat' dir='ltr'>j.</span> <span class='ocrx_word' id='word_1_153' title='bbox 1207 2665 1230 2728; x_wconf 86' lang='lat' dir='ltr'>f.</span> <span class='ocrx_word' id='word_1_154' title='bbox 1254 2682 1300 2729; x_wconf 90' lang='lat' dir='ltr'>m.</span> <span class='ocrx_word' id='word_1_155' title='bbox 1324 2661 1411 2747; x_wconf 92' lang='lat' dir='ltr'>quod</span> <span class='ocrx_word' id='word_1_156' title='bbox 1442 2661 1604 2746; x_wconf 81' lang='lat' dir='ltr'>quondum</span> <span class='ocrx_word' id='word_1_157' title='bbox 1635 2659 1743 2722; x_wconf 90' lang='lat' dir='ltr'>tenuit</span> 
     </span>
     <span class='ocr_line' id='line_1_19' title="bbox 246 2743 657 2836; baseline 0.019 -28"><span class='ocrx_word' id='word_1_158' title='bbox 246 2743 385 2810; x_wconf 80' lang='lat' dir='ltr'>Motillis</span> <span class='ocrx_word' id='word_1_159' title='bbox 398 2746 441 2811; x_wconf 90' lang='lat' dir='ltr'>de</span> <span class='ocrx_word' id='word_1_160' title='bbox 456 2749 657 2836; x_wconf 77' lang='lat' dir='ltr'>Mosegrnve.</span> 
     </span>
    </p>
   </div>
   <div class='ocr_carea' id='block_1_10' title="bbox 245 2881 1742 3055">
    <p class='ocr_par' dir='ltr' id='par_1_10' title="bbox 245 2881 1742 3055">
     <span class='ocr_line' id='line_1_20' title="bbox 289 2881 1742 2974; baseline 0 -27"><span class='ocrx_word' id='word_1_161' title='bbox 289 2883 449 2949; x_wconf 86' lang='lat' dir='ltr'>Henricus</span> <span class='ocrx_word' id='word_1_162' title='bbox 473 2885 514 2950; x_wconf 85' lang='lat' dir='ltr'>de</span> <span class='ocrx_word' id='word_1_163' title='bbox 538 2886 571 2950; x_wconf 82' lang='lat' dir='ltr'>la</span> <span class='ocrx_word' id='word_1_164' title='bbox 595 2887 681 2952; x_wconf 90' lang='lat' dir='ltr'>Poill</span> <span class='ocrx_word' id='word_1_165' title='bbox 707 2893 798 2953; x_wconf 87' lang='lat' dir='ltr'>tenet</span> <span class='ocrx_word' id='word_1_166' title='bbox 822 2893 1001 2954; x_wconf 74' lang='lat' dir='ltr'>manerium</span> <span class='ocrx_word' id='word_1_167' title='bbox 1028 2891 1069 2954; x_wconf 89' lang='lat' dir='ltr'>dc</span> <span class='ocrx_word' id='word_1_168' title='bbox 1089 2889 1254 2956; x_wconf 74' lang='lat' dir='ltr'>Hrueuou</span> <span class='ocrx_word' id='word_1_169' title='bbox 1276 2885 1333 2974; x_wconf 78' lang='lat' dir='ltr'>[io</span> <span class='ocrx_word' id='word_1_170' title='bbox 1349 2881 1503 2972; x_wconf 72' lang='lat' dir='ltr'>Porrus]</span> <span class='ocrx_word' id='word_1_171' title='bbox 1524 2903 1582 2966; x_wconf 90' lang='lat' dir='ltr'>pro</span> <span class='ocrx_word' id='word_1_172' title='bbox 1597 2882 1641 2946; x_wconf 90' lang='lat' dir='ltr'>di.</span> <span class='ocrx_word' id='word_1_173' title='bbox 1657 2883 1680 2946; x_wconf 84' lang='lat' dir='ltr'>f.</span> <span class='ocrx_word' id='word_1_174' title='bbox 1697 2903 1742 2947; x_wconf 93' lang='lat' dir='ltr'>m.</span> 
     </span>
     <span class='ocr_line' id='line_1_21' title="bbox 245 2970 967 3055; baseline 0.008 -22"><span class='ocrx_word' id='word_1_175' title='bbox 245 2970 329 3054; x_wconf 88' lang='lat' dir='ltr'>quod</span> <span class='ocrx_word' id='word_1_176' title='bbox 344 2973 507 3055; x_wconf 80' lang='lat' dir='ltr'>quondam</span> <span class='ocrx_word' id='word_1_177' title='bbox 523 2976 635 3039; x_wconf 88' lang='lat' dir='ltr'>tenuit</span> <span class='ocrx_word' id='word_1_178' title='bbox 649 2975 757 3040; x_wconf 76' lang='lat' dir='ltr'>Alicio</span> <span class='ocrx_word' id='word_1_179' title='bbox 771 2976 812 3040; x_wconf 89' lang='lat' dir='ltr'>de</span> <span class='ocrx_word' id='word_1_180' title='bbox 827 2977 859 3040; x_wconf 79' lang='lat' dir='ltr'>ln</span> <span class='ocrx_word' id='word_1_181' title='bbox 871 2976 967 3041; x_wconf 92' lang='lat' dir='ltr'>Poill.</span> 
     </span>
    </p>
   </div>
   <div class='ocr_carea' id='block_1_11' title="bbox 289 3103 576 3190">
    <p class='ocr_par' dir='ltr' id='par_1_11' title="bbox 289 3103 576 3190">
     <span class='ocr_line' id='line_1_22' title="bbox 289 3103 576 3190; baseline 0.014 -24"><span class='ocrx_word' id='word_1_182' title='bbox 289 3103 329 3166; x_wconf 94' lang='lat' dir='ltr'>In</span> <span class='ocrx_word' id='word_1_183' title='bbox 343 3104 437 3190; x_wconf 87' lang='lat' dir='ltr'>cujus</span> <span class='ocrx_word' id='word_1_184' title='bbox 451 3106 498 3170; x_wconf 85' lang='lat' dir='ltr'>rei</span> <span class='ocrx_word' id='word_1_185' title='bbox 514 3113 576 3170; x_wconf 91' lang='lat' dir='ltr'>etc.</span> 
     </span>
    </p>
   </div>
   <div class='ocr_carea' id='block_1_12' title="bbox 737 3293 1251 3384">
    <p class='ocr_par' dir='ltr' id='par_1_12' title="bbox 737 3293 1251 3384">
     <span class='ocr_line' id='line_1_23' title="bbox 737 3293 1251 3384; baseline 0.004 -21"><span class='ocrx_word' id='word_1_186' title='bbox 737 3293 975 3384; x_wconf 79' lang='lat' dir='ltr'>[chnsncuu</span> <span class='ocrx_word' id='word_1_187' title='bbox 998 3320 1043 3364; x_wconf 80' lang='lat' dir='ltr'>cs</span> <span class='ocrx_word' id='word_1_188' title='bbox 1064 3295 1251 3384; x_wconf 68' lang='lat' dir='ltr'>THAMR]</span> 
     </span>
    </p>
   </div>
   <div class='ocr_carea' id='block_1_13' title="bbox 244 3405 1745 3956">
    <p class='ocr_par' dir='ltr' id='par_1_13' title="bbox 244 3405 1745 3956">
     <span class='ocr_line' id='line_1_24' title="bbox 287 3405 1745 3521; baseline 0.003 -30"><span class='ocrx_word' id='word_1_189' title='bbox 287 3427 466 3515; x_wconf 80' lang='lat' dir='ltr'>inquisicio</span> <span class='ocrx_word' id='word_1_190' title='bbox 482 3405 581 3516; x_wconf 72' lang='lat' dir='ltr'>dupio</span> <span class='ocrx_word' id='word_1_191' title='bbox 595 3433 683 3516; x_wconf 81' lang='lat' dir='ltr'>opud</span> <span class='ocrx_word' id='word_1_192' title='bbox 697 3433 821 3498; x_wconf 83' lang='lat' dir='ltr'>Thsme</span> <span class='ocrx_word' id='word_1_193' title='bbox 837 3435 891 3500; x_wconf 92' lang='lat' dir='ltr'>die</span> <span class='ocrx_word' id='word_1_194' title='bbox 905 3435 1081 3500; x_wconf 84' lang='lat' dir='ltr'>Dominics</span> <span class='ocrx_word' id='word_1_195' title='bbox 1104 3437 1251 3521; x_wconf 84' lang='lat' dir='ltr'>proxime</span> <span class='ocrx_word' id='word_1_196' title='bbox 1275 3439 1350 3519; x_wconf 89' lang='lat' dir='ltr'>post</span> <span class='ocrx_word' id='word_1_197' title='bbox 1364 3433 1486 3498; x_wconf 81' lang='lat' dir='ltr'>festum</span> <span class='ocrx_word' id='word_1_198' title='bbox 1503 3433 1745 3516; x_wconf 88' lang='lat' dir='ltr'>Assumpcicnis</span> 
     </span>
     <span class='ocr_line' id='line_1_25' title="bbox 247 3513 1745 3608; baseline 0.002 -29"><span class='ocrx_word' id='word_1_199' title='bbox 247 3513 345 3580; x_wconf 75' lang='lat' dir='ltr'>Beate</span> <span class='ocrx_word' id='word_1_200' title='bbox 373 3517 480 3582; x_wconf 79' lang='lat' dir='ltr'>Marte</span> <span class='ocrx_word' id='word_1_201' title='bbox 510 3537 596 3582; x_wconf 80' lang='lat' dir='ltr'>anno</span> <span class='ocrx_word' id='word_1_202' title='bbox 623 3522 718 3608; x_wconf 80' lang='lat' dir='ltr'>regui</span> <span class='ocrx_word' id='word_1_203' title='bbox 747 3524 836 3607; x_wconf 83' lang='lat' dir='ltr'>regis</span> <span class='ocrx_word' id='word_1_204' title='bbox 866 3522 1017 3587; x_wconf 80' lang='lat' dir='ltr'>Edwardi</span> <span class='ocrx_word' id='word_1_205' title='bbox 1047 3524 1141 3587; x_wconf 91' lang='lat' dir='ltr'>tercii</span> <span class='ocrx_word' id='word_1_206' title='bbox 1182 3535 1256 3606; x_wconf 81' lang='lat' dir='ltr'>post</span> <span class='ocrx_word' id='word_1_207' title='bbox 1293 3529 1509 3606; x_wconf 88' lang='lat' dir='ltr'>conquestum</span> <span class='ocrx_word' id='word_1_208' title='bbox 1551 3519 1651 3604; x_wconf 84' lang='lat' dir='ltr'>xxxij⁰</span> <span class='ocrx_word' id='word_1_209' title='bbox 1686 3540 1745 3602; x_wconf 83' lang='lat' dir='ltr'>per</span> 
     </span>
     <span class='ocr_line' id='line_1_26' title="bbox 245 3605 1743 3693; baseline 0.012 -28"><span class='ocrx_word' id='word_1_210' title='bbox 245 3613 485 3668; x_wconf 75' lang='lat' dir='ltr'>sacromentum</span> <span class='ocrx_word' id='word_1_211' title='bbox 514 3605 639 3671; x_wconf 81' lang='lat' dir='ltr'>Thome</span> <span class='ocrx_word' id='word_1_212' title='bbox 668 3609 921 3693; x_wconf 82' lang='lat' dir='ltr'>Qustremsyns,</span> <span class='ocrx_word' id='word_1_213' title='bbox 952 3609 1095 3675; x_wconf 87' lang='lat' dir='ltr'>Gilberti</span> <span class='ocrx_word' id='word_1_214' title='bbox 1125 3611 1156 3673; x_wconf 92' lang='lat' dir='ltr'>le</span> <span class='ocrx_word' id='word_1_215' title='bbox 1187 3609 1315 3688; x_wconf 74' lang='lat' dir='ltr'>werde,</span> <span class='ocrx_word' id='word_1_216' title='bbox 1347 3608 1505 3672; x_wconf 89' lang='lat' dir='ltr'>Willelmi</span> <span class='ocrx_word' id='word_1_217' title='bbox 1534 3615 1604 3670; x_wconf 79' lang='lat' dir='ltr'>otte</span> <span class='ocrx_word' id='word_1_218' title='bbox 1638 3607 1743 3682; x_wconf 67' lang='lat' dir='ltr'>Helle,</span> 
     </span>
     <span class='ocr_line' id='line_1_27' title="bbox 244 3688 1744 3779; baseline 0.003 -27"><span class='ocrx_word' id='word_1_219' title='bbox 244 3688 404 3755; x_wconf 80' lang='lat' dir='ltr'>Johcnnis</span> <span class='ocrx_word' id='word_1_220' title='bbox 432 3691 551 3777; x_wconf 84' lang='lat' dir='ltr'>Pyron,</span> <span class='ocrx_word' id='word_1_221' title='bbox 579 3693 739 3760; x_wconf 85' lang='lat' dir='ltr'>Johunnis</span> <span class='ocrx_word' id='word_1_222' title='bbox 766 3695 883 3760; x_wconf 81' lang='lat' dir='ltr'>Besset</span> <span class='ocrx_word' id='word_1_223' title='bbox 911 3698 951 3761; x_wconf 92' lang='lat' dir='ltr'>de</span> <span class='ocrx_word' id='word_1_224' title='bbox 983 3699 1130 3774; x_wconf 87' lang='lat' dir='ltr'>Weston,</span> <span class='ocrx_word' id='word_1_225' title='bbox 1158 3695 1281 3760; x_wconf 91' lang='lat' dir='ltr'>Thcme</span> <span class='ocrx_word' id='word_1_226' title='bbox 1317 3694 1358 3760; x_wconf 90' lang='lat' dir='ltr'>de</span> <span class='ocrx_word' id='word_1_227' title='bbox 1387 3695 1562 3779; x_wconf 83' lang='lat' dir='ltr'>Emynton,</span> <span class='ocrx_word' id='word_1_228' title='bbox 1593 3693 1744 3757; x_wconf 83' lang='lat' dir='ltr'>Nicholsi</span> 
     </span>
     <span class='ocr_line' id='line_1_28' title="bbox 245 3777 1745 3869; baseline 0.003 -30"><span class='ocrx_word' id='word_1_229' title='bbox 245 3777 427 3861; x_wconf 82' lang='lat' dir='ltr'>Mormycu,</span> <span class='ocrx_word' id='word_1_230' title='bbox 441 3777 603 3844; x_wconf 85' lang='lat' dir='ltr'>Johsnnis</span> <span class='ocrx_word' id='word_1_231' title='bbox 617 3781 748 3866; x_wconf 84' lang='lat' dir='ltr'>Sybele,</span> <span class='ocrx_word' id='word_1_232' title='bbox 761 3782 924 3849; x_wconf 79' lang='lat' dir='ltr'>iohannis</span> <span class='ocrx_word' id='word_1_233' title='bbox 938 3783 1068 3869; x_wconf 87' lang='lat' dir='ltr'>Folyot,</span> <span class='ocrx_word' id='word_1_234' title='bbox 1084 3784 1244 3848; x_wconf 88' lang='lat' dir='ltr'>Willelmi</span> <span class='ocrx_word' id='word_1_235' title='bbox 1258 3783 1280 3849; x_wconf 93' lang='lat' dir='ltr'><strong>J</strong></span> <span class='ocrx_word' id='word_1_236' title='bbox 1281 3783 1370 3862; x_wconf 84' lang='lat' dir='ltr'>sket,</span> <span class='ocrx_word' id='word_1_237' title='bbox 1392 3782 1510 3868; x_wconf 81' lang='lat' dir='ltr'>Rogcri</span> <span class='ocrx_word' id='word_1_238' title='bbox 1533 3781 1688 3858; x_wconf 72' lang='lat' dir='ltr'>Densum,</span> <span class='ocrx_word' id='word_1_239' title='bbox 1709 3787 1745 3844; x_wconf 89' lang='lat' dir='ltr'>et</span> 
     </span>
     <span class='ocr_line' id='line_1_29' title="bbox 246 3863 1252 3956; baseline 0.016 -30"><span class='ocrx_word' id='word_1_240' title='bbox 246 3863 380 3929; x_wconf 83' lang='lat' dir='ltr'>Riccrdi</span> <span class='ocrx_word' id='word_1_241' title='bbox 394 3865 502 3945; x_wconf 80' lang='lat' dir='ltr'>Woce,</span> <span class='ocrx_word' id='word_1_242' title='bbox 515 3869 573 3952; x_wconf 90' lang='lat' dir='ltr'>qui</span> <span class='ocrx_word' id='word_1_243' title='bbox 588 3869 704 3934; x_wconf 88' lang='lat' dir='ltr'>dicunt</span> <span class='ocrx_word' id='word_1_244' title='bbox 718 3871 869 3956; x_wconf 87' lang='lat' dir='ltr'>quod:—</span> <span class='ocrx_word' id='word_1_245' title='bbox 952 3911 958 3920; x_wconf 89' lang='lat'>·</span> <span class='ocrx_word' id='word_1_246' title='bbox 1248 3889 1252 3896; x_wconf 86' lang='lat'>&#39;</span> 
     </span>
    </p>
   </div>
   <div class='ocr_carea' id='block_1_14' title="bbox 245 4025 1746 4268">
    <p class='ocr_par' dir='ltr' id='par_1_14' title="bbox 245 4025 1746 4268">
     <span class='ocr_line' id='line_1_30' title="bbox 288 4025 1745 4118; baseline 0.003 -30"><span class='ocrx_word' id='word_1_247' title='bbox 288 4025 394 4090; x_wconf 81' lang='lat' dir='ltr'>Abbes</span> <span class='ocrx_word' id='word_1_248' title='bbox 407 4028 448 4093; x_wconf 89' lang='lat' dir='ltr'>de</span> <span class='ocrx_word' id='word_1_249' title='bbox 464 4027 586 4094; x_wconf 81' lang='lat' dir='ltr'>Thnme</span> <span class='ocrx_word' id='word_1_250' title='bbox 601 4037 691 4095; x_wconf 90' lang='lat' dir='ltr'>tenet</span> <span class='ocrx_word' id='word_1_251' title='bbox 707 4030 745 4118; x_wconf 82' lang='lat' dir='ltr'>ij.</span> <span class='ocrx_word' id='word_1_252' title='bbox 761 4032 785 4097; x_wconf 79' lang='lat' dir='ltr'>f.</span> <span class='ocrx_word' id='word_1_253' title='bbox 802 4053 847 4099; x_wconf 91' lang='lat' dir='ltr'>m.</span> <span class='ocrx_word' id='word_1_254' title='bbox 862 4033 902 4097; x_wconf 92' lang='lat' dir='ltr'>de</span> <span class='ocrx_word' id='word_1_255' title='bbox 917 4034 1068 4118; x_wconf 88' lang='lat' dir='ltr'>episcopo</span> <span class='ocrx_word' id='word_1_256' title='bbox 1084 4033 1306 4096; x_wconf 87' lang='lat' dir='ltr'>Lincolniensi</span> <span class='ocrx_word' id='word_1_257' title='bbox 1322 4032 1358 4094; x_wconf 91' lang='lat' dir='ltr'>in</span> <span class='ocrx_word' id='word_1_258' title='bbox 1373 4029 1507 4095; x_wconf 81' lang='lat' dir='ltr'>liberam</span> <span class='ocrx_word' id='word_1_259' title='bbox 1524 4036 1559 4093; x_wconf 88' lang='lat' dir='ltr'>et</span> <span class='ocrx_word' id='word_1_260' title='bbox 1581 4049 1693 4112; x_wconf 81' lang='lat' dir='ltr'>puram</span> <span class='ocrx_word' id='word_1_261' title='bbox 1711 4037 1745 4092; x_wconf 86' lang='lat' dir='ltr'>et</span> 
     </span>
     <span class='ocr_line' id='line_1_31' title="bbox 245 4116 1746 4268; baseline -0.002 -86"><span class='ocrx_word' id='word_1_262' title='bbox 245 4119 440 4268; x_wconf 50' lang='lat' dir='ltr'>pomp</span> <span class='ocrx_word' id='word_1_263' title='bbox 466 4116 675 4181; x_wconf 78' lang='lat' dir='ltr'>elemosinam</span> <span class='ocrx_word' id='word_1_264' title='bbox 702 4129 738 4182; x_wconf 89' lang='lat' dir='ltr'>et</span> <span class='ocrx_word' id='word_1_265' title='bbox 764 4127 855 4184; x_wconf 78' lang='lat' dir='ltr'>tenet</span> <span class='ocrx_word' id='word_1_266' title='bbox 880 4119 980 4184; x_wconf 79' lang='lat' dir='ltr'>abbas</span> <span class='ocrx_word' id='word_1_267' title='bbox 1004 4121 1046 4184; x_wconf 87' lang='lat' dir='ltr'>de</span> <span class='ocrx_word' id='word_1_268' title='bbox 1061 4117 1185 4184; x_wconf 85' lang='lat' dir='ltr'>Thsme</span> <span class='ocrx_word' id='word_1_269' title='bbox 1198 4121 1232 4184; x_wconf 92' lang='lat' dir='ltr'>in</span> <span class='ocrx_word' id='word_1_270' title='bbox 1250 4119 1506 4196; x_wconf 76' lang='lat' dir='ltr'>Tncnnswoern,</span> <span class='ocrx_word' id='word_1_271' title='bbox 1522 4117 1697 4195; x_wconf 73' lang='lat' dir='ltr'>Moundou,</span> <span class='ocrx_word' id='word_1_272' title='bbox 1713 4125 1746 4180; x_wconf 90' lang='lat' dir='ltr'>et</span> 
     </span>
    </p>
   </div>
   <div class='ocr_carea' id='block_1_15' title="bbox 245 4337 1746 4775">
    <p class='ocr_par' dir='ltr' id='par_1_15' title="bbox 245 4337 1746 4775">
     <span class='ocr_line' id='line_1_32' title="bbox 288 4337 1746 4428; baseline -0.001 -25"><span class='ocrx_word' id='word_1_273' title='bbox 288 4337 456 4403; x_wconf 80' lang='lat' dir='ltr'>Johsnnes</span> <span class='ocrx_word' id='word_1_274' title='bbox 471 4339 512 4403; x_wconf 91' lang='lat' dir='ltr'>de</span> <span class='ocrx_word' id='word_1_275' title='bbox 531 4339 716 4422; x_wconf 82' lang='lat' dir='ltr'>Whiteield,</span> <span class='ocrx_word' id='word_1_276' title='bbox 732 4340 897 4408; x_wconf 82' lang='lat' dir='ltr'>Johcnnes</span> <span class='ocrx_word' id='word_1_277' title='bbox 912 4344 1057 4409; x_wconf 82' lang='lat' dir='ltr'>Danvcrs</span> <span class='ocrx_word' id='word_1_278' title='bbox 1071 4345 1112 4410; x_wconf 85' lang='lat' dir='ltr'>de</span> <span class='ocrx_word' id='word_1_279' title='bbox 1127 4343 1293 4428; x_wconf 82' lang='lat' dir='ltr'>lppewoll,</span> <span class='ocrx_word' id='word_1_280' title='bbox 1307 4347 1342 4406; x_wconf 87' lang='lat' dir='ltr'>et</span> <span class='ocrx_word' id='word_1_281' title='bbox 1360 4339 1588 4425; x_wconf 80' lang='lat' dir='ltr'>prebendarius</span> <span class='ocrx_word' id='word_1_282' title='bbox 1612 4339 1746 4403; x_wconf 82' lang='lat' dir='ltr'>ecclesie</span> 
     </span>
     <span class='ocr_line' id='line_1_33' title="bbox 245 4424 1745 4516; baseline 0 -28"><span class='ocrx_word' id='word_1_283' title='bbox 245 4425 286 4488; x_wconf 93' lang='lat' dir='ltr'>de</span> <span class='ocrx_word' id='word_1_284' title='bbox 325 4424 450 4490; x_wconf 81' lang='lat' dir='ltr'>Thsme</span> <span class='ocrx_word' id='word_1_285' title='bbox 488 4435 603 4492; x_wconf 85' lang='lat' dir='ltr'>tenent</span> <span class='ocrx_word' id='word_1_286' title='bbox 639 4429 664 4514; x_wconf 81' lang='lat' dir='ltr'>j.</span> <span class='ocrx_word' id='word_1_287' title='bbox 695 4429 719 4495; x_wconf 84' lang='lat' dir='ltr'>f.</span> <span class='ocrx_word' id='word_1_288' title='bbox 750 4451 796 4495; x_wconf 90' lang='lat' dir='ltr'>m.</span> <span class='ocrx_word' id='word_1_289' title='bbox 827 4432 867 4494; x_wconf 90' lang='lat' dir='ltr'>de</span> <span class='ocrx_word' id='word_1_290' title='bbox 896 4433 1042 4516; x_wconf 90' lang='lat' dir='ltr'>predicto</span> <span class='ocrx_word' id='word_1_291' title='bbox 1080 4432 1228 4516; x_wconf 90' lang='lat' dir='ltr'>episcopo</span> <span class='ocrx_word' id='word_1_292' title='bbox 1258 4437 1407 4493; x_wconf 78' lang='lat' dir='ltr'>vocatum</span> <span class='ocrx_word' id='word_1_293' title='bbox 1439 4429 1681 4493; x_wconf 72' lang='lat' dir='ltr'>Druvnssurun</span> <span class='ocrx_word' id='word_1_294' title='bbox 1711 4427 1745 4488; x_wconf 91' lang='lat' dir='ltr'>in</span> 
     </span>
     <span class='ocr_line' id='line_1_34' title="bbox 246 4512 1745 4602; baseline -0.002 -24"><span class='ocrx_word' id='word_1_295' title='bbox 246 4512 501 4592; x_wconf 66' lang='lat' dir='ltr'>Tmuewonrm</span> <span class='ocrx_word' id='word_1_296' title='bbox 526 4515 613 4578; x_wconf 91' lang='lat' dir='ltr'>unde</span> <span class='ocrx_word' id='word_1_297' title='bbox 638 4513 806 4580; x_wconf 77' lang='lat' dir='ltr'>lohannes</span> <span class='ocrx_word' id='word_1_298' title='bbox 834 4519 875 4582; x_wconf 89' lang='lat' dir='ltr'>de</span> <span class='ocrx_word' id='word_1_299' title='bbox 903 4519 1086 4602; x_wconf 85' lang='lat' dir='ltr'>Whytefcld</span> <span class='ocrx_word' id='word_1_300' title='bbox 1119 4524 1214 4582; x_wconf 87' lang='lat' dir='ltr'>tenet</span> <span class='ocrx_word' id='word_1_301' title='bbox 1243 4519 1378 4581; x_wconf 79' lang='lat' dir='ltr'>tercium</span> <span class='ocrx_word' id='word_1_302' title='bbox 1409 4527 1550 4597; x_wconf 77' lang='lat' dir='ltr'>partem,</span> <span class='ocrx_word' id='word_1_303' title='bbox 1579 4513 1745 4578; x_wconf 75' lang='lat' dir='ltr'>lohannes</span> 
     </span>
     <span class='ocr_line' id='line_1_35' title="bbox 246 4597 1746 4690; baseline 0.001 -29"><span class='ocrx_word' id='word_1_304' title='bbox 246 4597 390 4666; x_wconf 82' lang='lat' dir='ltr'>Dnnvers</span> <span class='ocrx_word' id='word_1_305' title='bbox 414 4601 454 4664; x_wconf 88' lang='lat' dir='ltr'>de</span> <span class='ocrx_word' id='word_1_306' title='bbox 480 4600 654 4686; x_wconf 81' lang='lat' dir='ltr'>Ippewolle</span> <span class='ocrx_word' id='word_1_307' title='bbox 679 4603 814 4667; x_wconf 70' lang='lat' dir='ltr'>tercium</span> <span class='ocrx_word' id='word_1_308' title='bbox 838 4613 974 4688; x_wconf 81' lang='lat' dir='ltr'>purtem,</span> <span class='ocrx_word' id='word_1_309' title='bbox 996 4615 1031 4670; x_wconf 87' lang='lat' dir='ltr'>et</span> <span class='ocrx_word' id='word_1_310' title='bbox 1053 4604 1283 4690; x_wconf 78' lang='lat' dir='ltr'>prebendarius</span> <span class='ocrx_word' id='word_1_311' title='bbox 1308 4602 1442 4667; x_wconf 89' lang='lat' dir='ltr'>ecclesie</span> <span class='ocrx_word' id='word_1_312' title='bbox 1463 4601 1502 4664; x_wconf 89' lang='lat' dir='ltr'>de</span> <span class='ocrx_word' id='word_1_313' title='bbox 1517 4601 1639 4664; x_wconf 85' lang='lat' dir='ltr'>Thame</span> <span class='ocrx_word' id='word_1_314' title='bbox 1655 4605 1746 4664; x_wconf 81' lang='lat' dir='ltr'>tenet</span> 
     </span>
     <span class='ocr_line' id='line_1_36' title="bbox 245 4687 958 4775; baseline 0.011 -25"><span class='ocrx_word' id='word_1_315' title='bbox 245 4687 322 4752; x_wconf 87' lang='lat' dir='ltr'>inde</span> <span class='ocrx_word' id='word_1_316' title='bbox 336 4687 378 4752; x_wconf 88' lang='lat' dir='ltr'>ds</span> <span class='ocrx_word' id='word_1_317' title='bbox 392 4688 484 4752; x_wconf 90' lang='lat' dir='ltr'>dicto</span> <span class='ocrx_word' id='word_1_318' title='bbox 499 4689 652 4774; x_wconf 88' lang='lat' dir='ltr'>episcopo</span> <span class='ocrx_word' id='word_1_319' title='bbox 666 4693 802 4755; x_wconf 79' lang='lat' dir='ltr'>terciam</span> <span class='ocrx_word' id='word_1_320' title='bbox 818 4703 958 4775; x_wconf 79' lang='lat' dir='ltr'>portem.</span> 
     </span>
    </p>
   </div>
   <div class='ocr_carea' id='block_1_16' title="bbox 247 4804 1744 4996">
    <p class='ocr_par' dir='ltr' id='par_1_16' title="bbox 247 4804 1744 4996">
     <span class='ocr_line' id='line_1_37' title="bbox 289 4804 1744 4914; baseline 0.002 -29"><span class='ocrx_word' id='word_1_321' title='bbox 289 4823 393 4888; x_wconf 84' lang='lat' dir='ltr'>Adsm</span> <span class='ocrx_word' id='word_1_322' title='bbox 416 4824 458 4887; x_wconf 90' lang='lat' dir='ltr'>de</span> <span class='ocrx_word' id='word_1_323' title='bbox 481 4823 649 4889; x_wconf 82' lang='lat' dir='ltr'>Shsrshull</span> <span class='ocrx_word' id='word_1_324' title='bbox 673 4831 766 4891; x_wconf 88' lang='lat' dir='ltr'>tenet</span> <span class='ocrx_word' id='word_1_325' title='bbox 791 4827 826 4890; x_wconf 91' lang='lat' dir='ltr'>in</span> <span class='ocrx_word' id='word_1_326' title='bbox 843 4829 972 4894; x_wconf 80' lang='lat' dir='ltr'>Aecouu</span> <span class='ocrx_word' id='word_1_327' title='bbox 998 4829 1022 4914; x_wconf 82' lang='lat' dir='ltr'>j.</span> <span class='ocrx_word' id='word_1_328' title='bbox 1039 4829 1061 4894; x_wconf 87' lang='lat' dir='ltr'>t.</span> <span class='ocrx_word' id='word_1_329' title='bbox 1078 4849 1123 4894; x_wconf 90' lang='lat' dir='ltr'>m.</span> <span class='ocrx_word' id='word_1_330' title='bbox 1140 4828 1179 4891; x_wconf 88' lang='lat' dir='ltr'>de</span> <span class='ocrx_word' id='word_1_331' title='bbox 1194 4827 1286 4891; x_wconf 93' lang='lat' dir='ltr'>dicto</span> <span class='ocrx_word' id='word_1_332' title='bbox 1301 4827 1463 4910; x_wconf 81' lang='lat' dir='ltr'>episcopo,</span> <span class='ocrx_word' id='word_1_333' title='bbox 1479 4804 1744 4910; x_wconf 66' lang='lat' dir='ltr'>quod&#39;quondam</span> 
     </span>
     <span class='ocr_line' id='line_1_38' title="bbox 247 4910 722 4996; baseline 0.006 -22"><span class='ocrx_word' id='word_1_334' title='bbox 247 4912 357 4975; x_wconf 87' lang='lat' dir='ltr'>tenuit</span> <span class='ocrx_word' id='word_1_335' title='bbox 370 4910 535 4975; x_wconf 72' lang='lat' dir='ltr'>lohannes</span> <span class='ocrx_word' id='word_1_336' title='bbox 549 4912 590 4975; x_wconf 91' lang='lat' dir='ltr'>de</span> <span class='ocrx_word' id='word_1_337' title='bbox 606 4911 722 4996; x_wconf 84' lang='lat' dir='ltr'>Fenys.</span> 
     </span>
    </p>
   </div>
   <div class='ocr_carea' id='block_1_17' title="bbox 246 5046 1743 5226">
    <p class='ocr_par' dir='ltr' id='par_1_17' title="bbox 246 5046 1743 5226">
     <span class='ocr_line' id='line_1_39' title="bbox 287 5046 1743 5138; baseline -0.001 -27"><span class='ocrx_word' id='word_1_338' title='bbox 287 5046 429 5112; x_wconf 71' lang='lat' dir='ltr'>Thomas</span> <span class='ocrx_word' id='word_1_339' title='bbox 455 5049 689 5132; x_wconf 82' lang='lat' dir='ltr'>antremeyns</span> <span class='ocrx_word' id='word_1_340' title='bbox 714 5055 810 5114; x_wconf 84' lang='lat' dir='ltr'>tenet</span> <span class='ocrx_word' id='word_1_341' title='bbox 834 5052 860 5138; x_wconf 81' lang='lat' dir='ltr'>j.</span> <span class='ocrx_word' id='word_1_342' title='bbox 877 5049 899 5116; x_wconf 82' lang='lat' dir='ltr'>f.</span> <span class='ocrx_word' id='word_1_343' title='bbox 916 5071 962 5117; x_wconf 87' lang='lat' dir='ltr'>m.</span> <span class='ocrx_word' id='word_1_344' title='bbox 987 5053 1022 5114; x_wconf 91' lang='lat' dir='ltr'>in</span> <span class='ocrx_word' id='word_1_345' title='bbox 1048 5054 1176 5118; x_wconf 83' lang='lat' dir='ltr'>Ascocn</span> <span class='ocrx_word' id='word_1_346' title='bbox 1200 5057 1235 5115; x_wconf 87' lang='lat' dir='ltr'>et</span> <span class='ocrx_word' id='word_1_347' title='bbox 1259 5050 1403 5120; x_wconf 79' lang='lat' dir='ltr'>Wnsccu</span> <span class='ocrx_word' id='word_1_348' title='bbox 1418 5051 1460 5112; x_wconf 90' lang='lat' dir='ltr'>de</span> <span class='ocrx_word' id='word_1_349' title='bbox 1475 5049 1565 5112; x_wconf 87' lang='lat' dir='ltr'>dioto</span> <span class='ocrx_word' id='word_1_350' title='bbox 1579 5049 1743 5131; x_wconf 86' lang='lat' dir='ltr'>episcopo,</span> 
     </span>
     <span class='ocr_line' id='line_1_40' title="bbox 246 5135 1137 5226; baseline 0.004 -28"><span class='ocrx_word' id='word_1_351' title='bbox 246 5135 333 5217; x_wconf 89' lang='lat' dir='ltr'>quod</span> <span class='ocrx_word' id='word_1_352' title='bbox 346 5135 512 5219; x_wconf 72' lang='lat' dir='ltr'>quondam</span> <span class='ocrx_word' id='word_1_353' title='bbox 526 5137 636 5200; x_wconf 85' lang='lat' dir='ltr'>tenuit</span> <span class='ocrx_word' id='word_1_354' title='bbox 650 5137 835 5201; x_wconf 86' lang='lat' dir='ltr'>Willelmus</span> <span class='ocrx_word' id='word_1_355' title='bbox 856 5135 1137 5226; x_wconf 78' lang='lat' dir='ltr'>[Qustre]mayne.</span> 
     </span>
    </p>
   </div>
   <div class='ocr_carea' id='block_1_18' title="bbox 246 5272 1745 5534">
    <p class='ocr_par' dir='ltr' id='par_1_18' title="bbox 246 5272 1745 5534">
     <span class='ocr_line' id='line_1_41' title="bbox 288 5272 1743 5360; baseline -0.004 -22"><span class='ocrx_word' id='word_1_356' title='bbox 288 5272 452 5338; x_wconf 82' lang='lat' dir='ltr'>Jobounes</span> <span class='ocrx_word' id='word_1_357' title='bbox 467 5274 508 5338; x_wconf 88' lang='lat' dir='ltr'>dc</span> <span class='ocrx_word' id='word_1_358' title='bbox 524 5272 672 5338; x_wconf 87' lang='lat' dir='ltr'>Louches</span> <span class='ocrx_word' id='word_1_359' title='bbox 687 5279 722 5336; x_wconf 83' lang='lat' dir='ltr'>et</span> <span class='ocrx_word' id='word_1_360' title='bbox 736 5273 843 5338; x_wconf 83' lang='lat' dir='ltr'>Isolds</span> <span class='ocrx_word' id='word_1_361' title='bbox 861 5275 952 5360; x_wconf 78' lang='lat' dir='ltr'>lnge,</span> <span class='ocrx_word' id='word_1_362' title='bbox 966 5285 1001 5340; x_wconf 92' lang='lat' dir='ltr'>et</span> <span class='ocrx_word' id='word_1_363' title='bbox 1015 5275 1248 5360; x_wconf 80' lang='lat' dir='ltr'>prebendarius</span> <span class='ocrx_word' id='word_1_364' title='bbox 1263 5277 1304 5339; x_wconf 88' lang='lat' dir='ltr'>de</span> <span class='ocrx_word' id='word_1_365' title='bbox 1330 5276 1412 5338; x_wconf 83' lang='lat' dir='ltr'>laico</span> <span class='ocrx_word' id='word_1_366' title='bbox 1437 5273 1532 5336; x_wconf 78' lang='lat' dir='ltr'>feodo</span> <span class='ocrx_word' id='word_1_367' title='bbox 1556 5273 1596 5335; x_wconf 87' lang='lat' dir='ltr'>de</span> <span class='ocrx_word' id='word_1_368' title='bbox 1624 5272 1743 5334; x_wconf 85' lang='lat' dir='ltr'>Milton</span> 
     </span>
     <span class='ocr_line' id='line_1_42' title="bbox 246 5357 1745 5448; baseline -0.003 -24"><span class='ocrx_word' id='word_1_369' title='bbox 246 5367 358 5426; x_wconf 84' lang='lat' dir='ltr'>tenent</span> <span class='ocrx_word' id='word_1_370' title='bbox 371 5361 408 5448; x_wconf 83' lang='lat' dir='ltr'>ij.</span> <span class='ocrx_word' id='word_1_371' title='bbox 425 5360 448 5427; x_wconf 81' lang='lat' dir='ltr'>l.</span> <span class='ocrx_word' id='word_1_372' title='bbox 464 5362 500 5424; x_wconf 90' lang='lat' dir='ltr'>in</span> <span class='ocrx_word' id='word_1_373' title='bbox 513 5360 636 5428; x_wconf 71' lang='lat' dir='ltr'>Misus</span> <span class='ocrx_word' id='word_1_374' title='bbox 652 5361 785 5428; x_wconf 74' lang='lat' dir='ltr'>Mmron</span> <span class='ocrx_word' id='word_1_375' title='bbox 800 5369 836 5426; x_wconf 88' lang='lat' dir='ltr'>st</span> <span class='ocrx_word' id='word_1_376' title='bbox 851 5362 971 5442; x_wconf 74' lang='lat' dir='ltr'>Pinus,</span> <span class='ocrx_word' id='word_1_377' title='bbox 987 5382 1052 5446; x_wconf 90' lang='lat' dir='ltr'>que</span> <span class='ocrx_word' id='word_1_378' title='bbox 1066 5362 1231 5448; x_wconf 75' lang='lat' dir='ltr'>quondam</span> <span class='ocrx_word' id='word_1_379' title='bbox 1247 5362 1416 5426; x_wconf 74' lang='lat' dir='ltr'>currebant</span> <span class='ocrx_word' id='word_1_380' title='bbox 1431 5359 1537 5423; x_wconf 88' lang='lat' dir='ltr'>eidem</span> <span class='ocrx_word' id='word_1_381' title='bbox 1558 5357 1745 5422; x_wconf 89' lang='lat' dir='ltr'>nominibus</span> 
     </span>
     <span class='ocr_line' id='line_1_43' title="bbox 246 5445 1491 5534; baseline 0 -24"><span class='ocrx_word' id='word_1_382' title='bbox 246 5445 378 5514; x_wconf 73' lang='lat' dir='ltr'>Ricardi</span> <span class='ocrx_word' id='word_1_383' title='bbox 393 5449 434 5512; x_wconf 92' lang='lat' dir='ltr'>dc</span> <span class='ocrx_word' id='word_1_384' title='bbox 450 5448 597 5512; x_wconf 86' lang='lat' dir='ltr'>Lcuches</span> <span class='ocrx_word' id='word_1_385' title='bbox 611 5455 647 5512; x_wconf 84' lang='lat' dir='ltr'>et</span> <span class='ocrx_word' id='word_1_386' title='bbox 663 5447 816 5512; x_wconf 86' lang='lat' dir='ltr'>Willelmi</span> <span class='ocrx_word' id='word_1_387' title='bbox 830 5448 914 5534; x_wconf 78' lang='lat' dir='ltr'>lnge</span> <span class='ocrx_word' id='word_1_388' title='bbox 927 5449 969 5514; x_wconf 88' lang='lat' dir='ltr'>ds</span> <span class='ocrx_word' id='word_1_389' title='bbox 984 5450 1076 5513; x_wconf 90' lang='lat' dir='ltr'>dicto</span> <span class='ocrx_word' id='word_1_390' title='bbox 1090 5451 1241 5533; x_wconf 86' lang='lat' dir='ltr'>episcopo</span> <span class='ocrx_word' id='word_1_391' title='bbox 1259 5447 1491 5512; x_wconf 81' lang='lat' dir='ltr'>Lincclniensi.</span> 
     </span>
    </p>
   </div>
   <div class='ocr_carea' id='block_1_19' title="bbox 0 0 2067 6209">
    <p class='ocr_par' dir='ltr' id='par_1_19' title="bbox 0 0 2067 6209">
     <span class='ocr_line' id='line_1_44' title="bbox 0 0 2067 6209; baseline 0 0"><span class='ocrx_word' id='word_1_392' title='bbox 0 0 2067 6209; x_wconf 95' lang='lat' dir='ltr'> </span> 
     </span>
    </p>
   </div>
  </div>
 </body>
</html>
