4117 6209
314 651 378 714 192
969 646 1162 715 OXFOBD.

354 931 510 996 Ricardus
529 931 740 1016 Catermayns
756 938 850 997 tenet
867 933 1060 998 immediate
1073 937 1162 997 certa
1176 937 1279 998 terras
1293 937 1329 997 et
1352 936 1544 997 tenementa
1567 933 1603 996 iu
1632 932 1815 1012 Humanam,

213 1067 215 1072 -
309 1041 372 1106 que
387 1039 491 1102 nuper
507 1020 640 1084 fuerunt
656 1019 746 1084 Petri
761 1020 801 1083 de
819 1019 1000 1086 Berveield
1015 1041 1071 1105 per
1085 1021 1256 1084 servicium
1271 1021 1317 1085 di.
1333 1020 1356 1085 f.
1375 1042 1421 1086 m.

355 1155 447 1220 Idem
477 1155 636 1220 Ricardus
666 1163 702 1220 et
731 1155 919 1220 Willelmus
950 1155 1122 1220 Barthelet
1151 1162 1267 1221 tenent
1294 1157 1489 1220 immediate
1525 1162 1614 1220 certa
1642 1163 1744 1222 terras
1780 1164 1815 1222 et

310 1245 585 1394 pppveiprippssadiinf·
599 1243 770 1395 {armona
801 1244 960 1328 predicta,
983 1264 1048 1326 que
1077 1264 1180 1327 nuper
1209 1244 1343 1309 fuerunt
1372 1243 1532 1308 iohannis
1557 1243 1729 1310 lenkenor
1756 1266 1814 1329 per

354 1466 546 1530 Edmundua
573 1465 705 1530 Stucele
733 1471 825 1530 tenet
852 1467 1042 1531 immediate
1056 1471 1147 1532 certa
1162 1472 1265 1530 terras
1279 1471 1314 1530 et
1328 1469 1521 1530 tenementa
1535 1466 1569 1529 in
1585 1465 1813 1545 warrenna,

310 1574 374 1638 que
389 1575 491 1638 nuper
506 1555 636 1618 fuerunt
652 1551 813 1618 Johannis
829 1553 1010 1618 Whiteieid
1026 1575 1082 1638 per
1097 1555 1267 1618 servicium
1284 1553 1340 1638 ij
1361 1555 1463 1638 partis
1476 1553 1501 1618 f.
1518 1575 1564 1619 m.

355 1683 518 1748 Johunnes
534 1683 661 1748 Barrevv
677 1690 772 1748 tenet
786 1685 977 1748 immediate
992 1689 1056 1748 etc.
1071 1691 1161 1747 certa
1174 1689 1279 1747 terras
1292 1691 1327 1748 et
1348 1689 1538 1750 tenementa
1554 1687 1590 1748 in
1605 1685 1814 1752 Wnrrurnun

312 1772 469 1854 predicta,
482 1792 546 1856 qne
561 1792 663 1854 nuper
680 1771 813 1835 inerunt
829 1771 988 1836 Jobannis
1003 1770 1183 1836 Whitefeld
1198 1791 1256 1855 per
1270 1773 1442 1835 servicium
1461 1773 1516 1858 vji·
1536 1773 1638 1856 partis
1653 1771 1675 1836 f.
1693 1794 1739 1840 m.

356 1908 496 1972 Dcrnina
520 1907 715 1989 Kathcrina,
743 1910 857 1994 regina
882 1910 1012 1994 Anglie,
1038 1917 1128 1972 tenet
1155 1912 1190 1972 in
1217 1908 1293 1973 dote
1306 1913 1397 1972 certa
1410 1915 1514 1972 terras
1528 1916 1562 1974 et
1577 1916 1762 1973 teacmenta
1776 1913 1811 1973 in

313 1997 601 2075 Wnarnnvuurou,
619 2017 682 2082 quc
697 2016 801 2080 nuper
817 1997 949 2060 fuerunt
965 1997 1122 2080 principis
1137 1996 1265 2076 Wallie‚
1282 2017 1338 2080 per
1353 1997 1526 2060 servicium
1536 1998 1565 2080 j.
1582 1998 1605 2062 i.
1621 2018 1667 2063 m.

356 2135 479 2198 Eadem
497 2133 676 2200 Katherina
690 2139 781 2198 tenet
797 2136 834 2199 in
850 2136 960 2199 dotem
976 2142 1066 2199 certa
1081 2138 1184 2198 terras
1198 2140 1233 2198 et
1248 2141 1438 2198 tenementa
1451 2108 1488 2198 in
1504 2136 1654 2215 Pnurou,
1672 2136 1811 2216 Ouarna,

312 2222 663 2392 ffipptplrppfsppunsnn,
680 2228 715 2285 et
729 2223 892 2302 Pessum,
907 2243 970 2307 que
986 2242 1088 2306 nuper
1103 2223 1238 2286 fuerunt
1253 2221 1553 2334 principis-Wallie
1568 2243 1626 2307 per
1640 2225 1812 2287 servicium

358 2431 516 2495 walterus
532 2431 749 2514 Beaucbamp,
768 2431 921 2510 chivaler,
939 2435 1028 2495 tenet
1043 2431 1235 2495 immediate
1251 2436 1314 2497 etc.
1330 2437 1419 2495 certa
1445 2437 1546 2496 terras
1571 2440 1605 2496 et
1627 2439 1813 2497 tenementa

311 2521 347 2583 in
371 2518 526 2596 Wusrou,
541 2518 764 2594 warunnam,
789 2530 823 2582 et
849 2519 1181 2597 Waaunrnsrcvnan,
1205 2538 1268 2602 que
1297 2538 1400 2602 nuper
1429 2520 1559 2584 fuerunt
1590 2519 1743 2584 Falconis
1771 2521 1810 2584 de

312 2605 436 2689 Rycote
450 2626 508 2689 per
523 2607 695 2669 servicium
710 2606 736 2690 j.
753 2605 776 2672 f.
793 2626 838 2671 m.

355 2741 495 2806 Thomas
512 2743 629 2808 Stonor
647 2748 741 2806 tenet
755 2742 945 2807 immediate
960 2750 1021 2808 ete.
1037 2751 1127 2807 certa
1141 2749 1245 2807 terras
1260 2749 1295 2806 et
1319 2749 1508 2808 tenementa
1534 2747 1569 2809 in
1593 2745 1752 2813 Carruca
1776 2751 1809 2807 et

312 2832 510 2982 §papengem
522 2852 586 2916 que
601 2851 704 2913 nuper
719 2830 852 2893 fuerunt
867 2831 954 2895 dicte
969 2835 1039 2909 (sic)
1054 2830 1148 2894 Aliae
1166 2828 1222 2916 [de
1238 2829 1338 2917 Sapy]
1356 2851 1412 2914 per
1427 2833 1599 2896 servicium
1613 2833 1651 2919 ij.
1667 2835 1808 2917 partium

357 3039 461 3103 Heres
490 3036 650 3102 Johannia
681 2997 857 3102 wuitefeld
894 3044 983 3104 tenet
1020 3040 1214 3106 immediate
1250 3047 1340 3106 certa
1369 3047 1467 3106 terras
1495 3049 1532 3106 et
1560 3049 1748 3108 tenementn
1776 3044 1811 3108 in

313 3127 521 3194 Wnrrasunn
536 3146 592 3209 per
607 3127 777 3189 servicium
793 3131 908 3211 quarte
923 3129 1024 3210 partis
1039 3129 1062 3192 f.
1078 3148 1123 3194 m.

358 3264 458 3328 Heres
473 3263 637 3327 Matilldis
653 3263 739 3348 Sapy
753 3269 846 3328 tenet
860 3264 1051 3328 immediate
1066 3271 1169 3329 certas
1194 3272 1296 3331 terras
1322 3271 1356 3330 et
1380 3271 1565 3330 tenementn
1588 3267 1622 3328 in
1650 3267 1811 3334 carmon

314 3371 370 3436 per
387 3351 557 3414 servicium
574 3353 676 3413 tercie
694 3353 795 3434 partis
809 3350 833 3417 i.
850 3371 894 3414 m.

358 3487 460 3550 Heres
486 3483 645 3558 Jobannia
668 3484 709 3548 de
736 3484 767 3547 la
793 3483 918 3548 Souehe
942 3490 1031 3548 tenet
1057 3485 1250 3550 immediate
1278 3493 1368 3551 certa
1394 3495 1495 3550 terras
1520 3490 1553 3549 et
1574 3491 1760 3549 tenementa
1774 3486 1808 3548 in

314 3574 476 3641 emron
490 3574 634 3656 predicta
648 3591 704 3655 per
719 3572 895 3635 servicium
908 3573 1011 3635 tercie
1026 3575 1129 3657 partis
1143 3573 1166 3637 f.
1182 3593 1227 3638 m.

358 3711 462 3774 Heres
478 3709 552 3773 Fita
568 3710 668 3794 Aleyn
684 3715 774 3774 tenet
791 3710 981 3774 immediate
995 3717 1085 3774 certa
1099 3719 1199 3775 terras
1215 3718 1248 3774 et
1271 3717 1462 3776 tenementa
1484 3714 1519 3774 in
1546 3715 1656 3780 Aaron
1682 3712 1809 3791 Busan,

316 3798 589 3876 Srornucunsca,
607 3803 642 3860 et
657 3797 866 3864 Cossaeorns
881 3817 938 3881 per
953 3800 1126 3863 servicium
1141 3798 1187 3864 di.
1202 3797 1226 3864 f.
1243 3821 1287 3864 m.

357 3938 541 4002 Willelmur
578 3937 737 4022 Sakevyle
775 3944 869 4002 tenet
905 3941 1096 4005 immediate
1133 3947 1195 4006 etc.
1233 3947 1322 4006 certa
1358 3947 1460 4006 terras
1488 3947 1524 4004 et
1552 3947 1740 4003 tenementa
1776 3939 1809 4002 in

313 4027 498 4092 maron
513 4046 569 4110 per
584 4026 755 4090 servicium
769 4026 794 4112 j.
807 4025 831 4092 f.
848 4046 891 4088 m.

357 4164 539 4227 Barnardus
570 4163 778 4229 Sauuderden
808 4169 902 4230 tenet
931 4166 1122 4230 immediate
1152 4145 1212 4228 eta.
1244 4168 1331 4228 certa
1359 4170 1460 4226 terras
1489 4166 1525 4224 et
1556 4164 1742 4223 tenementa
1775 4161 1810 4224 in

313 4251 479 4330 Turrense,
496 4271 559 4334 que
574 4271 674 4334 nuper
690 4253 823 4316 fuerunt
838 4251 997 4317 Willelmi
1013 4252 1110 4316 Waas
1125 4273 1182 4335 per
1197 4251 1369 4314 servicium
1384 4251 1498 4332 quarte
1512 4247 1614 4328 partis
1628 4246 1651 4309 i.
1667 4265 1711 4309 m.

358 4389 555 4473 Reginaldus
572 4388 702 4474 Melyns
719 4394 809 4454 tenet
824 4389 1015 4453 immediate
1032 4394 1095 4454 etc.
1112 4395 1198 4452 certa
1213 4395 1311 4450 terras
1326 4391 1362 4449 et
1383 4390 1574 4448 tenementa
1597 4385 1632 4448 in
1657 4384 1811 4463 Haurou,

313 4477 562 4553 assensuum
578 4476 800 4553 Rauranum,
814 4498 871 4561 per
886 4477 1059 4540 servicium
1073 4477 1098 4561 j.
1115 4474 1137 4536 f.
1153 4494 1196 4538 m.

356 4611 518 4676 Johannes
534 4612 647 4677 Colica
663 4621 754 4677 tenet
770 4615 960 4677 immediate
975 4620 1038 4676 etc.
1055 4618 1143 4676 certa
1160 4619 1261 4675 terras
1275 4616 1311 4674 et
1324 4614 1516 4674 tenementa
1538 4609 1574 4674 in
1596 4609 1809 4687 Kvueserou,

313 4721 375 4785 que
390 4721 492 4782 nuper
508 4699 642 4764 suerunt
656 4699 815 4765 Jobannis
833 4700 963 4764 Alseton
979 4721 1035 4782 per
1051 4700 1223 4763 servicium
1238 4696 1312 4783 ffiju
1333 4698 1436 4781 partis
1451 4696 1473 4761 f.
1490 4717 1536 4763 m.

356 4836 550 4901 Humiridns
568 4837 709 4905 Stafford
724 4847 817 4900 tenet
832 4836 1023 4899 immediate
1040 4841 1103 4900 etc.
1116 4841 1205 4900 certa
1220 4811 1320 4897 terras
1334 4840 1371 4898 et
1384 4839 1575 4898 tenementa
1588 4835 1623 4896 in
1636 4833 1808 4911 Caeneus,

313 4944 376 5010 que
391 4945 496 5007 nuper
509 4926 642 4988 fuerunt
659 4924 771 5008 Egidii
788 4924 828 4987 de
845 4922 971 4986 Brewes
988 4943 1044 5006 per
1059 4923 1231 4985 servicium
1247 4921 1292 4986 di.
1307 4921 1331 4986 f.
1348 4943 1393 4988 m.

356 5061 518 5125 iohannes
555 5061 719 5144 Fetypaec
758 5064 849 5125 tenet
887 5061 1082 5124 immediate
1117 5068 1181 5123 etc.
1220 5064 1308 5122 certa
1345 5065 1446 5122 terras
1483 5069 1518 5122 et
1555 5064 1741 5123 tenementa
1773 5058 1808 5121 in

313 5149 545 5227 Numeremus,
562 5168 624 5232 que
637 5168 745 5231 nuper
760 5148 897 5211 fuerunt
911 5149 1037 5211 Thome
1053 5147 1158 5212 Morte
1173 5167 1230 5229 pcr
1246 5146 1421 5210 servicium
1436 5152 1551 5229 quarta
1566 5147 1667 5230 partis
1682 5145 1705 5210 i.
1720 5165 1765 5210 m.

358 5280 458 5344 Heres
488 5275 648 5343 Johanuis
679 5275 795 5343 Cauele
825 5281 919 5342 tenet
947 5277 1142 5340 immediate
1170 5285 1232 5342 etc.
1258 5283 1346 5342 oerta
1375 5285 1477 5342 terras
1502 5283 1537 5341 et
1559 5283 1746 5342 tenementa
1776 5280 1812 5342 in

310 5369 520 5542 ppptpppmfip,
551 5383 613 5449 que
649 5384 753 5450 nuper
782 5365 917 5429 fuerunt
948 5363 1115 5428 Edmundi
1144 5363 1185 5429 de
1214 5365 1345 5452 Melyns
1387 5387 1445 5452 per
1483 5366 1653 5430 servicium
1695 5369 1810 5454 quarte
