4117 6209
899 613 982 679 Au).
1009 616 1148 680 1802-3.
1703 614 1765 677 103

306 898 489 965 willelmus
517 903 605 966 filius
633 902 791 968 Willelmi
821 907 913 967 tenet
942 903 1125 966 manerium
1157 902 1195 964 de
1233 902 1394 968 Puurrrus
1424 921 1499 964 cum
1537 901 1691 964 membris
1727 901 1762 964 iu

265 986 478 1067 Nomium,
495 989 670 1057 Rormrou
685 1011 741 1074 pro
756 991 801 1056 di.
817 990 839 1055 f.
856 1012 900 1056 m.
916 990 958 1054 de
974 989 1117 1054 Henricc
1132 991 1172 1052 de
1189 989 1285 1072 Lacy.
1386 1024 1406 1030 ,.

307 1123 464 1189 Robertus
486 1126 526 1190 de
549 1125 681 1190 clifford
706 1131 799 1191 tenet
821 1128 1004 1191 manerium
1028 1127 1070 1190 de
1098 1127 1269 1194 Srsusorm
1300 1125 1432 1191 numine
1461 1123 1607 1188 custodie
1637 1125 1698 1188 filii
1728 1132 1762 1189 et

264 1208 390 1274 heredis
406 1213 556 1298 Hugouis
572 1213 686 1299 Bugge
702 1235 758 1297 pro
774 1221 889 1300 quartu
904 1222 997 1298 parte
1012 1215 1036 1300 j
1054 1215 1076 1276 f.
1093 1236 1137 1278 m.

308 1347 464 1413 Ricardus
478 1351 518 1414 de
532 1352 667 1415 Trowell
681 1357 772 1416 tenet
788 1353 821 1415 iu
841 1353 1024 1431 Sururoun,
1043 1351 1172 1419 Surrou
1188 1356 1222 1414 et
1237 1351 1437 1418 Esuusuuus
1461 1356 1611 1436 quartam
1636 1357 1764 1436 purtem

260 1432 288 1518 j.
305 1435 327 1498 f.
343 1437 383 1500 de
398 1435 518 1501 honore
533 1439 574 1502 de
590 1438 708 1523 Kyme.

309 1571 465 1636 Ricardus
490 1575 521 1638 le
546 1575 667 1639 Botiler
692 1582 785 1639 tenet
798 1577 833 1638 in
851 1576 1031 1642 Esrssusrr
1046 1581 1193 1660 quartem
1210 1580 1334 1658 partem
1357 1575 1384 1659 j.
1402 1576 1424 1641 s.
1441 1578 1527 1640 unde
1543 1576 1702 1642 medietas
1716 1581 1764 1639 est

266 1658 300 1720 in
316 1678 416 1723 manu
431 1660 503 1725 ulie
517 1662 558 1726 de
574 1661 748 1728 Stauutsn.

308 1795 475 1861 Galfridus
489 1799 529 1862 de
546 1797 706 1884 Bingbam
723 1805 816 1863 tenet
831 1801 865 1863 in
880 1800 1111 1866 Wssrsuumru
1127 1797 1171 1861 di.
1189 1799 1212 1861 f.
1227 1821 1271 1864 m.
1288 1796 1328 1862 de
1342 1797 1462 1863 bonore
1477 1801 1517 1863 de
1532 1799 1724 1865 Tuttebirri.

310 1933 453 2018 Rogems
477 1936 517 2000 de
543 1936 661 2000 Sancto
688 1937 814 2001 Andrea
841 1941 935 2000 tenet
961 1938 997 1999 in
1023 1937 1145 2004 Gsssu
1179 1933 1352 2023 [Goruuu]
1384 1958 1459 2000 cum
1485 1937 1641 2002 membris
1667 1944 1705 2001 ut
1731 1939 1766 2001 iu

268 2020 482 2102 Nosussrcu,
500 2025 640 2102 Surrou,
657 2025 806 2090 szurs
817 2024 844 2108 j.
860 2026 885 2089 f.
901 2045 947 2089 m.
963 2024 1003 2086 de
1019 2020 1139 2087 bonore
1156 2023 1348 2106 Leycestrie.

312 2159 418 2222 Liberi
444 2165 593 2224 tenemes
620 2160 748 2225 Ricardi
773 2161 815 2224 de
841 2160 962 2225 Suttou
989 2165 1105 2224 tenent
1131 2161 1165 2223 in
1184 2161 1324 2238 Surrou,
1343 2161 1525 2239 Boumrou,
1542 2163 1718 2229 Ksuusrou
1734 2168 1769 2227 et

270 2245 473 2313 Nouumrou
488 2247 534 2312 di.
550 2248 574 2312 f.
592 2269 637 2313 m.
655 2249 695 2312 de
709 2248 799 2312 dicto
816 2248 954 2311 Ricardo
967 2247 1008 2310 de
1024 2245 1144 2312 honore
1162 2246 1296 2312 Uestris.

313 2380 448 2446 Stoutus
462 2387 531 2464 (ric)
545 2385 586 2447 de
599 2384 758 2449 Stotevile
773 2390 863 2449 tenet
880 2365 1063 2450 mamertum
1077 2385 1118 2449 dc
1134 2385 1267 2451 Bessos
1284 2405 1342 2468 pro
1357 2385 1434 2450 dtr.
1448 2408 1494 2452 m.
1505 2391 1539 2450 et
1555 2387 1655 2451 estin
1671 2407 1771 2451 manu

267 2468 393 2533 domini
409 2472 495 2556 regis
509 2477 543 2537 el
558 2477 606 2535 esi
623 2473 806 2537 membrum
821 2473 958 2536 manerii
973 2472 1013 2535 de
1028 2471 1183 2556 Kirkeby.

312 2604 351 2668 Iu
367 2607 460 2688 cujus
474 2609 522 2670 rei
537 2609 763 2672 testimonium
778 2609 916 2692 predicti
927 2608 1091 2694 juratores
1107 2609 1215 2694 sigilla
1230 2630 1287 2672 sua
1301 2617 1531 2693 apposuerunt.
1579 2609 1663 2674 Date
1684 2610 1770 2694 apud

271 2692 467 2778 Notingbam
482 2695 537 2759 die
553 2695 688 2760 Veneris
701 2697 736 2760 in
753 2697 866 2782 vigilia
880 2695 1126 2759 Purificucionis
1146 2695 1248 2760 Beate
1275 2697 1381 2763 Marie
1397 2697 1544 2783 Virginis
1567 2717 1653 2762 anno
1678 2699 1771 2783 regui

270 2783 356 2868 regis
370 2782 520 2846 Edwardi
537 2792 611 2849 ω’)
633 2784 748 2866 primo.

322 2917 385 3006 [De
399 2919 540 2983 Rudullo
554 2919 595 2984 de
611 2917 823 2984 Frechenvile
837 2940 896 3002 pro
911 2918 947 3006 ij.
963 2920 988 2984 f.
1003 2920 1039 2982 in
1054 2920 1191 2986 Bouuus
1260 2960 1270 2971 -
1362 2961 1372 2972 -
1464 2961 1474 2972 ·
1567 2963 1577 2974 -
1666 2919 1774 3009 iiijli.

317 3057 365 3121 De
381 3059 494 3122 eodem
509 3057 626 3142 prodi.
642 3059 665 3122 i.
682 3069 716 3122 et
732 3080 762 3124 x.
779 3062 872 3141 purte
887 3056 911 3144 j.
928 3058 950 3119 f.
966 3057 1002 3119 iu
1017 3059 1162 3137 Baros,
1179 3059 1359 3136 Reuersus,
1377 3065 1412 3122 et
1427 3060 1636 3126 Bumuuusu

1637 3166 1775 3212 xxu1.s.

318 3257 366 3322 De
381 3258 518 3322 Ricardo
533 3259 667 3323 Poutrel
682 3278 740 3341 pro
750 3257 776 3341 j.
792 3257 815 3321 f.
831 3279 877 3323 m.
893 3258 928 3320 in
945 3257 1151 3323 Tuususuou
1192 3298 1202 3310 -
1294 3299 1304 3309 -
1395 3299 1405 3309 -
1496 3299 1506 3310 -
1597 3295 1611 3307 -
1697 3169 1775 3325 xlm.

320 3395 367 3459 De
384 3397 524 3461 Roberto
539 3397 580 3460 de
598 3397 737 3460 Letbcm
754 3416 812 3479 pro
825 3395 870 3459 di.
886 3395 910 3462 f.
927 3397 962 3459 in
979 3397 1167 3462 Enwsurou
1265 3436 1275 3447 -
1366 3437 1376 3446 -
1468 3437 1478 3448 -
1569 3437 1579 3447 -
1669 3395 1770 3484 mus]

898 3723 996 3796 Am.
1041 3724 1158 3795 1316.

601 3910 704 3998 [ll'rit
717 3913 783 3976 and
798 3912 1030 3976 endorreurents
1042 3912 1174 3993 printed
1190 3909 1261 3974 Vol.
1280 3910 1308 3972 I.
1325 3930 1357 3992 p.
1374 3907 1467 3997 254]

275 4139 305 4202 h
321 4050 459 4200 Nomlna
472 4049 777 4134 wupenmcbiorum,
792 4048 980 4132 burgorum,
995 4047 1147 4110 villarum
1163 4053 1196 4111 et
1212 4047 1417 4111 dominorum
1433 4047 1583 4112 villarum
1607 4050 1781 4112 comitatus

293 4137 401 4223 'oting
425 4158 487 4202 am.

364 4273 564 4337 Norrucrmu
580 4290 710 4336 muscus
776 4307 1397 4320 -------
1442 4267 1513 4332 Rex
1528 4270 1691 4336 dominus.

365 4410 708 4476 Rursusouususuus
777 4443 1398 4458 ·······
1445 4407 1514 4470 Rex
1529 4406 1691 4472 dominus.

733 4647 1017 4744 Wmuurscsruu
1030 4665 1073 4736 bs
1097 4643 1330 4711 BYNGHAM.

323 4787 409 4851 Villa
437 4787 477 4852 ds
510 4787 676 4853 Buscuru
713 4807 788 4849 cum
827 4785 1022 4854 ersuums
1052 4780 1234 4951 {Aliciade
1250 4777 1431 4864 Byngbam.

408 4873 587 4940 hameletto
606 4910 1022 4926 -----
1072 4866 1212 4930 'l'bomas
1228 4869 1268 4930 de
1283 4865 1481 4930 Fouruivall.

326 5011 466 5164 villsde
482 5011 614 5078 Ouerou
633 5031 708 5073 cum
730 5007 932 5082 hamelettis,
948 5004 1024 5068 villa
1050 5007 1248 5174 }Nieholaus
1264 5047 1305 5110 de
1321 5045 1395 5109 Ros·

409 5119 444 5162 m
461 5119 537 5184 egra
604 5132 1020 5148 .....

326 5229 394 5295 Esr
457 5230 686 5304 Bmscsrouu‚
755 5225 1022 5298 Houuswosrus,
1073 5219 1219 5302 Rogerus
1234 5218 1273 5282 de
1290 5217 1488 5281 Brabanzon.

404 5316 581 5382 Furium
592 5321 625 5377 et
636 5314 816 5379 Krruvsrou
827 5309 1025 5393 respondent
1074 5305 1174 5367 Lucis
1189 5304 1229 5366 de
1246 5305 1366 5368 Husee.

404 5423 461 5486 pro
475 5403 555 5467 villu
569 5403 698 5484 integrm
808 5437 819 5449 -
909 5435 920 5446 -
1010 5433 1021 5444 -
1074 5389 1234 5454 Waltsrus
1249 5390 1289 5455 de
1305 5386 1479 5453 Goushull.
