4117 6209
316 631 380 698 182
971 631 1161 699 OXFORD.

359 922 523 985 lohannes
546 924 585 986 de
612 923 733 1006 Bruyly
759 931 851 987 tenet
874 925 919 988 di.
946 925 968 989 f.
993 946 1040 989 m.
1067 926 1103 988 in
1128 925 1364 1004 Wannasnonn,
1393 879 1480 1010 quorl
1511 927 1673 1009 quondam
1703 927 1816 990 tenuia

315 1006 456 1072 Thomas
470 1010 510 1073 de
525 1009 647 1095 Brnyly
662 1012 703 1074 de
718 1010 808 1074 dicio
823 1013 973 1094 episeopo
988 1011 1221 1076 Linoolnieusi.

357 1144 525 1211 Johannes
549 1147 719 1212 Leulrenor
744 1155 838 1213 tanet
863 1150 1015 1234 quintam
1040 1157 1165 1234 psrtem
1188 1153 1213 1235 j.
1228 1150 1251 1216 f.
1269 1173 1314 1216 m.
1342 1153 1375 1214 in
1403 1153 1534 1231 Tnaun,
1558 1173 1657 1235 quam
1685 1155 1811 1234 partem

313 1235 476 1316 quondam
492 1237 603 1298 tenuit
620 1236 809 1319 liudulphus
825 1237 864 1300 de
882 1237 1054 1300 Leukenor
1068 1239 1106 1301 de
1122 1238 1211 1302 dioto
1225 1240 1387 1322 episeopo.

359 1371 648 1454 hNJmmm.

729 1615 965 1704 [Husnanuuu
988 1641 1032 1684 un
1054 1619 1417 1707 DORKCHESTRE]

358 1751 537 1835 Inquisicio
567 1760 662 1837 capla
691 1757 777 1838 apud
807 1756 998 1820 Dorlrceslre
1028 1758 1083 1821 die
1114 1757 1207 1821 Luna
1247 1760 1393 1843 proxima
1433 1764 1506 1842 post
1546 1758 1668 1821 festum
1699 1757 1813 1821 Sanale

316 1840 529 1924 Fredeswyde
558 1841 705 1926 Virginis
734 1863 819 1907 auno
848 1845 941 1927 regni
972 1846 1058 1929 regis
1087 1845 1233 1908 Edwardi
1264 1847 1358 1910 tercii
1387 1866 1407 1906 a
1436 1847 1614 1929 conquestu
1649 1845 1813 1908 tricesimo

316 1927 458 1989 seeundo
483 1948 538 2006 per
569 1935 807 1993 sacramentum
838 1929 988 1995 Nieholai
1019 1931 1138 2014 Nuper,
1169 1931 1328 1996 Johannis
1357 1933 1398 1996 da
1425 1932 1657 2008 Mussendeue,
1683 1931 1815 1994 Ricardi

315 2013 438 2096 Jamys.
456 2014 613 2077 Willelmi
638 2015 668 2078 le
693 2016 825 2096 Monelr‚
850 2018 978 2082 Ricardi
1003 2019 1111 2098 Turre,
1141 2019 1296 2082 Willelmi
1323 2020 1354 2082 le
1380 2019 1474 2098 Deer,
1500 2019 1660 2082 Willelrni
1683 2019 1814 2095 Gibbes,

316 2099 475 2163 Johannis
491 2101 672 2183 Bassemor,
688 2103 845 2168 Johannis
860 2106 963 2185 Lude,
978 2107 1135 2170 Willelmi
1150 2107 1250 2191 Paga,
1276 2107 1407 2170 Ricardi
1423 2105 1521 2183 Crolr,
1545 2111 1579 2169 et
1604 2105 1762 2168 Johannis
1785 2105 1815 2168 le

317 2186 415 2265 Deer,
430 2191 487 2270 qui
502 2190 616 2252 dicunt
630 2193 715 2274 quod
727 2216 779 2256 :—

359 2374 514 2440 Riuardus
528 2379 569 2441 de
585 2379 734 2464 Hoyvyle
749 2386 842 2446 tenet
856 2384 943 2467 apud
957 2385 1119 2448 Frnnrnn
1134 2383 1174 2446 de
1190 2383 1341 2466 episcopo
1356 2381 1575 2445 Liucolniensi
1590 2381 1612 2448 i.
1628 2381 1651 2445 f.
1669 2402 1714 2446 m.
1731 2381 1816 2465 quod

315 2463 478 2546 quondam
495 2463 667 2550 Philippus
682 2469 722 2531 de
738 2469 886 2554 Hoyvyle
902 2472 1021 2536 tenuit.

360 2599 466 2664 Abbas
492 2602 532 2664 de
558 2603 775 2669 Dorlrcheslre
800 2613 891 2670 tenet
916 2609 943 2689 j.
970 2608 993 2672 f.
1021 2628 1067 2671 m.
1094 2607 1135 2669 de
1160 2605 1312 2687 episcopo
1338 2603 1556 2666 lincolniensi
1583 2605 1614 2665 in
1646 2604 1814 2684 Daaurou,

323 2684 381 2773 [B]
389 2709 559 2755 auuncoun
583 2696 617 2754 et
643 2692 786 2759 Curuus
811 2701 846 2757 et
872 2695 1091 2771 Honncuunn,
1119 2693 1204 2778 qnod
1229 2692 1392 2775 quondam
1417 2691 1526 2752 tenuit
1547 2691 1711 2753 lohannes
1727 2692 1815 2754 lilius

315 2775 344 2836 N
349 2774 464 2838 icholai
479 2778 519 2840 de
535 2777 722 2844 Brudeoole.

359 2911 519 2977 Robertus
542 2914 582 2978 de
608 2914 787 2979 Harwedon
814 2921 906 2981 tenet
920 2919 961 2981 de
976 2918 1064 2981 dicto
1079 2917 1232 2999 episcopo
1245 2915 1269 2998 j.
1285 2912 1308 2978 l.
1324 2935 1369 2979 m.
1384 2915 1419 2977 in
1436 2911 1710 2988 Cnnsnnaunnorr,
1727 2911 1813 2992 quod

315 3000 478 3084 quondam
493 3002 602 3065 tenuit
616 3001 781 3068 Johanues
796 3004 882 3068 lilius
900 3005 1068 3069 Laurenoii
1083 3003 1124 3067 de
1140 3001 1399 3085 Chyselampton.

357 3138 522 3202 lohannes
546 3139 587 3202 de
615 3107 742 3203 Luahes
767 3147 857 3204 tenet
884 3147 1033 3226 quartam
1060 3143 1185 3222 partem
1210 3137 1234 3221 j.
1252 3135 1274 3201 f.
1290 3157 1335 3201 m.
1361 3137 1396 3198 in
1413 3132 1709 3206 Cnssnuuannuou,
1725 3127 1811 3210 quod

315 3227 476 3309 quondam
492 3227 603 3290 tenuit
621 3229 816 3292 laurencius
831 3229 871 3293 de
887 3229 1029 3292 bouches
1043 3228 1082 3291 de
1098 3227 1246 3308 episeopo
1263 3220 1492 3285 Lineolniensi.

358 3359 522 3425 Johannes
537 3363 568 3426 le
583 3362 716 3444 Moigne
732 3369 822 3426 tenet
837 3365 882 3427 di.
898 3364 922 3428 f.
937 3384 982 3428 m.
1003 3363 1043 3425 de
1058 3361 1146 3424 dicto
1161 3360 1312 3442 episcopo
1326 3359 1360 3420 in
1377 3358 1532 3434 Currus,
1548 3356 1760 3433 Bauunconn‚
1777 3359 1813 3417 et

318 3449 425 3516 Snonn
440 3451 593 3528 Asnaus,
608 3451 692 3533 quod
708 3449 871 3532 quondam
885 3451 995 3513 tenuit
1008 3447 1173 3514 lohannes
1191 3447 1217 3509 le
1234 3446 1378 3531 Moigne,
1394 3451 1489 3528 pater
1503 3443 1583 3526 ejus,

358 3586 521 3652 lohannes
535 3587 575 3650 de
591 3586 766 3650 Bradeeote
783 3593 874 3650 tenet
889 3587 934 3654 di.
951 3586 974 3653 l.
991 3610 1036 3653 m.
1053 3587 1096 3650 de
1111 3587 1201 3650 dieto
1216 3586 1378 3670 episeopo,
1400 3581 1487 3665 quod
1513 3579 1677 3666 quondam
1705 3580 1813 3643 tenuit

315 3673 481 3745 Gnlfridus
495 3674 538 3737 de
552 3675 689 3737 Carnem
703 3673 739 3736 in
755 3675 899 3741 cunnos
915 3679 950 3738 et
964 3676 1176 3742 Baunncoun.

358 3810 398 3873 In
413 3811 507 3896 eujus
521 3811 569 3873 rei
584 3810 813 3874 testimonium
827 3817 889 3876 etc.

804 4049 1023 4115 Huunanuuu
1047 4071 1091 4114 un
1113 4047 1336 4116 BAMP'PON.

357 4185 534 4269 Inquisicio
549 4192 645 4268 capta
660 4185 750 4268 apud
765 4184 923 4249 Oxoniam
938 4186 992 4249 die
1009 4186 1119 4250 Sabati
1137 4185 1281 4270 proxima
1297 4187 1371 4266 post
1397 4181 1516 4243 festum
1543 4179 1652 4242 Sancti
1680 4179 1813 4242 Hillarii

313 4293 369 4355 per
385 4280 622 4335 sacramentum
638 4271 802 4355 Radulphi
820 4272 861 4335 de
876 4272 1055 4351 Fretewell,
1065 4273 1223 4337 Johannis
1238 4270 1278 4334 de
1294 4269 1391 4348 Parlr,
1403 4267 1574 4330 Laurencii
1589 4265 1629 4329 de
1646 4266 1676 4328 la
1693 4265 1813 4346 Penne,

313 4358 471 4422 Johannis
486 4357 604 4432 Orulre‚
624 4359 781 4422 Willelmi
806 4365 877 4423 atta
904 4359 1194 4433 Halle‚J0l1annis
1221 4358 1414 4432 Eremmon,
1439 4352 1598 4417 Johannis
1622 4353 1814 4430 Richeman,

315 4446 475 4509 Johannis
500 4445 640 4526 Skarlet,
666 4446 735 4510 Ade
759 4446 789 4509 le
815 4446 945 4526 Purher,
971 4446 1106 4510 Roberti
1130 4446 1170 4509 da
1195 4445 1382 4527 hampton,
1408 4438 1568 4507 Johannis
1597 4440 1754 4517 Bernard‚
1780 4449 1814 4504 et

315 4533 437 4598 Thome
450 4533 492 4597 de
508 4533 640 4616 Beneys‚
656 4535 713 4616 qui
728 4532 843 4597 dieunt
857 4535 942 4620 qnod
951 4557 1001 4597 2-

360 4720 516 4783 Riaardus
541 4720 581 4782 de
606 4719 834 4806 Goldesburgh
858 4731 893 4785 et
918 4719 1069 4784 Johanna
1092 4721 1132 4784 de
1159 4719 1263 4783 Melsa
1276 4723 1391 4782 teuent
1407 4719 1441 4780 in
1458 4716 1627 4794 Brnnnou,
1645 4715 1765 4794 Asson,
1781 4722 1815 4778 et

313 4807 601 4958 {lffigogngiitf'
618 4828 663 4873 m.
689 4807 730 4870 de
754 4807 895 4894 lingona
917 4809 958 4871 de
984 4808 1094 4893 Pleoy,
1119 4827 1218 4893 quam
1247 4809 1315 4885 (sic)
1344 4804 1487 4888 Rogerus
1515 4802 1618 4886 Doyly
1633 4803 1667 4865 iu
1693 4803 1813 4865 ultimo

357 5029 520 5094 Johannes
545 5029 634 5112 Dyve
652 5035 742 5092 tenet
764 5032 800 5092 in
825 5031 1030 5097 Dunnuunou
1056 5033 1095 5095 de
1125 5031 1262 5115 Hugone
1288 5029 1386 5111 Plecy
1395 5026 1422 5112 j
1439 5028 1462 5092 f.
1481 5048 1526 5092 m.
1543 5025 1628 5110 quod
1644 5026 1679 5087 in
1696 5026 1813 5088 ultimo

314 5119 436 5181 auxilio
452 5114 618 5181 lohannes
633 5116 724 5200 Dyre
739 5119 858 5182 tenuit.

356 5252 520 5318 Johannes
535 5252 576 5316 de
592 5253 837 5338 Hoddyngseles
852 5257 914 5328 aa.
929 5255 1181 5340 Duddyngseles)
1201 5259 1289 5318 tenet
1305 5253 1345 5317 de
1361 5273 1435 5336 rege
1450 5250 1662 5314 medietatem
1679 5251 1817 5313 manerii

314 5342 588 5494 lieenrlillmwm
612 5361 670 5424 pro
695 5340 721 5426 j.
738 5341 762 5406 f.
779 5362 824 5407 m.
850 5344 936 5426 quod
959 5344 995 5406 in
1020 5344 1140 5408 ultimo
1163 5343 1287 5407 auxilio
1312 5340 1412 5424 Hugo
1435 5339 1475 5402 de
1503 5337 1716 5422 Hoddyngles
1745 5339 1813 5416 (alc)
