4117 6209
289 673 352 736 264
963 672 1115 744 SALOP.

332 955 498 1024 Johcnnss
524 959 705 1026 Radecletie
728 962 769 1025 de
796 962 953 1026 comitatu
978 963 1178 1039 loncestrie,
1193 959 1346 1038 chivaler,
1361 967 1396 1025 et
1420 959 1590 1036 liuterius,
1605 980 1684 1024 uxor
1708 960 1789 1046 ejus,

289 1048 404 1108 tenent
439 1049 619 1112 manerium
656 1048 697 1113 de
725 1051 836 1116 Aeros
873 1050 1013 1116 Rerum
1050 1057 1083 1113 et
1113 1049 1354 1117 Garunusuuun
1383 1048 1424 1112 de
1460 1048 1611 1130 predicto
1639 1044 1789 1110 Johaune

291 1131 492 1198 Muutravers
507 1155 565 1218 per
577 1136 749 1200 servicium
765 1138 953 1201 medietatis
967 1138 992 1225 j
1009 1138 1034 1202 f.
1051 1159 1096 1203 m.
1113 1144 1146 1200 et
1163 1137 1250 1200 valet
1265 1145 1328 1205 etc.
1345 1157 1373 1201 c.
1383 1160 1409 1201 s.

334 1279 485 1360 Thomas,
499 1282 577 1347 baro
592 1283 633 1348 de
649 1284 843 1368 Greystoke‚
858 1285 1010 1364 obivaier,
1028 1292 1120 1349 tenet
1134 1285 1315 1348 manerium
1330 1285 1371 1347 de
1385 1284 1604 1350 Lorsruosou
1630 1282 1670 1345 de
1696 1281 1790 1345 feodo

289 1367 331 1430 de
346 1367 473 1454 Torney
488 1391 544 1454 per
559 1373 728 1437 servicium
743 1372 932 1436 medietatis
946 1374 971 1460 j.
988 1374 1012 1439 t.
1029 1393 1074 1439 m.
1091 1378 1126 1436 et
1141 1371 1229 1435 valet
1243 1378 1306 1436 etc.
1323 1393 1351 1436 c.
1362 1395 1388 1437 a.

332 1511 510 1579 Nicholaus
535 1515 690 1582 Sontiord
715 1520 756 1584 de
780 1521 941 1584 comitatu
967 1519 1110 1603 Salopie,
1137 1518 1333 1604 gentilman,
1347 1526 1381 1581 et
1407 1517 1580 1602 participes
1605 1517 1656 1580 sui
1680 1520 1792 1580 tenent

289 1603 472 1773 &iginii
484 1604 742 1758 pplgufflsppop
757 1607 797 1670 de
814 1607 958 1691 predicto
969 1606 990 1670 J
992 1605 1119 1670 ohanne
1130 1605 1329 1670 Mautravers
1344 1627 1400 1689 per
1414 1606 1587 1668 servicium
1603 1603 1792 1668 medietatis

335 1835 499 1903 Johsnnes
514 1839 701 1904 Onnesiovve
716 1841 757 1904 de
772 1840 962 1905 Onneslovve
977 1841 1012 1904 in
1028 1841 1141 1905 eodem
1157 1841 1330 1920 comitatu,
1344 1839 1542 1925 gentilman‚
1556 1845 1592 1903 et
1617 1838 1792 1922 participes

289 1923 340 1987 sui
355 1929 471 1989 tenent
486 1929 669 1992 manerium
684 1928 725 1991 de
742 1928 965 1997 Susuwssovu
980 1949 1023 1994 rs
1039 1949 1105 1996 suu
1120 1929 1237 1994 Funus
1252 1929 1292 1991 de
1307 1927 1444 2003 Thomu,
1458 1928 1591 1991 domino
1606 1927 1637 1988 la
1652 1925 1791 2000 Souohe,

289 2031 346 2094 per
361 2013 534 2076 servicium
549 2013 586 2101 ij.
603 2017 748 2098 partium
759 2015 787 2098 j.
804 2016 827 2082 i.
844 2036 889 2083 m.
905 2021 939 2080 et
954 2016 1039 2079 valet
1055 2023 1118 2081 etc.
1136 2037 1207 2081 xxx.
1219 2040 1244 2082 r.

334 2158 520 2225 Wiilelmus
547 2159 691 2240 Burdon,
715 2162 837 2248 junior,
862 2164 903 2226 de
927 2161 1043 2226 Sulton
1070 2163 1105 2225 in
1130 2161 1243 2225 eodem
1271 2162 1441 2238 comitatu,
1469 2159 1671 2242 irankelsyn,
1698 2165 1792 2224 terret

291 2246 471 2310 manerium
494 2247 534 2310 de
562 2248 692 2315 Sunion
716 2248 756 2312 de
786 2248 921 2328 Thomu,
946 2250 1080 2313 domino
1105 2249 1145 2313 de
1175 2248 1368 2332 Greystoke‚
1393 2247 1510 2328 milite,
1538 2268 1593 2329 per
1620 2247 1789 2310 servicium

289 2332 314 2417 j.
332 2333 354 2397 f.
370 2353 415 2399 m.
432 2338 465 2396 et
482 2333 568 2399 valet
582 2341 643 2401 etc.
659 2357 689 2400 v.
704 2359 802 2403 marc.

334 2475 501 2558 Ricardus,
530 2479 682 2542 dominus
718 2479 748 2543 le
786 2479 958 2564 straunge,
994 2480 1147 2557 chivsler,
1182 2486 1275 2544 tenet
1312 2480 1493 2543 manerium
1531 2478 1571 2542 de
1600 2479 1709 2544 Nusss
1739 2479 1789 2544 Lu

292 2563 467 2632 Scasuson
482 2565 523 2628 de
536 2565 668 2630 domino
683 2587 755 2652 rege
771 2568 822 2635 i.c.
839 2588 896 2652 per
911 2569 1082 2632 servicium
1097 2568 1121 2653 j.
1139 2568 1161 2630 f.
1180 2588 1226 2633 m.
1242 2573 1277 2632 et
1292 2567 1379 2631 valet
1394 2575 1456 2633 etc.
1472 2569 1544 2632 ruli.

333 2710 421 2776 Item
436 2711 552 2775 dicunt
566 2713 653 2798 quod
667 2717 729 2780 etc.
748 2719 796 2792 (as
812 2715 941 2797 before).

747 3086 967 3154 Huunusuuu
991 3107 1035 3152 nn
1058 3085 1343 3155 CONDOVERE.

337 3239 513 3322 Inquisicio
550 3241 710 3304 hundredi
739 3242 779 3305 de
811 3241 994 3308 Condovere
1026 3250 1123 3326 capta
1151 3243 1239 3327 apud
1270 3242 1436 3326 Salapiam
1465 3242 1518 3304 die
1547 3237 1700 3303 Mercurii
1728 3243 1790 3300 etc.

296 3331 343 3404 (or
370 3327 497 3411 before),
523 3347 580 3410 per
604 3334 841 3392 sacramentum
869 3331 1018 3415 Hugonis
1049 3331 1234 3413 Stepuiton,
1262 3328 1423 3393 Johaunis
1453 3328 1605 3406 Skreven,
1635 3323 1793 3390 Johanuis

293 3413 411 3478 Ocrbet
425 3414 465 3477 de
480 3415 671 3499 Longnolre,
688 3415 819 3479 Ricardi
835 3417 955 3480 Betton
972 3418 1012 3480 de
1028 3417 1163 3496 Betton,
1179 3415 1303 3480 Thome
1318 3416 1485 3498 Cleobury,
1511 3415 1659 3502 junioris,
1674 3413 1794 3476 Thome

295 3500 455 3578 Aldeield,
471 3501 631 3569 Wilielmi
657 3503 799 3586 Polyley,
816 3504 975 3570 Willeimi
1002 3503 1147 3587 Boyston
1173 3505 1213 3568 de
1238 3505 1390 3586 Boyston,
1417 3502 1576 3566 iohannis
1601 3499 1731 3568 Wsiirer
1753 3499 1794 3562 de

293 3588 500 3672 Welyburnc,
518 3587 675 3655 iohannis
697 3590 827 3658 Waiker
853 3592 893 3654 de
920 3591 1094 3670 Condover,
1120 3591 1250 3654 Ricardi
1274 3589 1454 3654 Gosenlruil
1480 3591 1521 3652 de
1545 3588 1737 3664 Condovere,
1761 3593 1795 3649 et

293 3673 418 3739 'rhome
434 3673 654 3758 Pyirelescote,
671 3678 727 3762 qui
743 3679 858 3741 dicunt
872 3683 935 3742 etc.
951 3678 1100 3762 qnod:—

337 3847 496 3913 Ricsrdus
512 3848 633 3928 Laken,
650 3851 754 3930 miles,
776 3851 817 3914 de
843 3851 1007 3935 Wyliyley
1030 3853 1066 3915 in
1092 3852 1207 3916 eodem
1233 3852 1405 3930 comitatu,
1430 3855 1523 3913 tenet
1546 3851 1729 3913 manerium
1756 3847 1797 3909 de

295 3936 436 4002 Hssnuv
451 3957 506 4020 per
520 3937 689 4000 servicium
704 3938 729 4023 1¹.
746 3938 770 4003 f.
787 3960 832 4004 m.
851 3939 890 4002 de
904 3938 1068 4006 Willelmo
1084 3940 1273 4022 cantelupo,
1289 3945 1323 4002 et
1338 3939 1426 4002 valet
1439 3944 1500 4002 etc.
1517 3936 1574 4023 vij.
1584 3957 1681 4002 moro.

340 4082 433 4146 idem
459 4081 616 4146 Ricardus
642 4088 734 4147 tenet
760 4086 938 4149 manerium
963 4086 1004 4149 de
1029 4087 1170 4154 Knausu
1185 4106 1242 4170 per
1268 4086 1437 4149 servicium
1453 4083 1477 4171 j.
1494 4083 1517 4152 f.
1534 4104 1579 4149 m·
1594 4083 1636 4146 de
1651 4080 1798 4149 iohanne

296 4169 509 4247 Mautrcvers‚
524 4175 557 4232 et
573 4169 660 4233 velet
676 4176 737 4235 etc.
755 4172 798 4258 vj.
810 4194 905 4239 marc.

341 4314 526 4378 Leonardus
552 4315 723 4400 Stepulton
747 4316 787 4380 de
811 4316 994 4400 Stepulton,
1010 4321 1162 4404 armiger,
1178 4325 1270 4382 tenet
1285 4318 1464 4381 manerium
1479 4315 1519 4380 de
1536 4316 1728 4384 Srsrutrorv
1744 4332 1800 4395 per

297 4403 466 4467 servicium
482 4404 598 4488 quinte
612 4407 715 4486 partis
729 4404 753 4489 j
769 4406 793 4469 i.
811 4426 856 4471 m.
873 4407 958 4489 quod
973 4406 1060 4470 valet
1074 4412 1138 4469 etc.
1153 4405 1327 4492 viij.murc.

341 4549 500 4612 Robertus
526 4549 591 4612 Lee
617 4550 657 4612 de
684 4550 845 4634 Longeley
871 4552 905 4614 in
931 4546 1044 4615 eodem
1070 4552 1240 4628 comitatu,
1255 4551 1406 4633 armiger,
1432 4547 1591 4611 Robertus
1614 4545 1736 4628 Kuyny
1758 4543 1798 4606 de

299 4637 460 4700 comitutu
475 4635 659 4716 Staffordie,
677 4639 827 4718 armiger,
842 4644 875 4701 et
891 4638 990 4722 Hugo
1014 4639 1186 4723 Stepulton
1213 4638 1253 4701 de
1281 4636 1410 4720 Sslopia
1435 4634 1469 4698 in
1494 4633 1608 4697 ecdem
1631 4633 1801 4707 comitutu,

298 4723 499 4876 gppittelerpeani
516 4729 627 4876 pppppt
651 4725 832 4790 manerium
859 4727 899 4788 de
924 4725 1105 4793 Louosnur
1120 4745 1178 4808 per
1193 4726 1365 4788 servicium
1382 4734 1496 4808 quarte
1512 4722 1614 4804 partis
1621 4721 1649 4803 j.
1665 4720 1688 4785 f.
1705 4724 1802 4785 met

343 4954 488 5039 Rogerus
503 4953 644 5018 Thornes
659 4955 699 5018 dc
716 4955 849 5041 Selopis
864 4957 899 5020 in
915 4957 1031 5020 eodem
1046 4956 1218 5034 comitutu,
1232 4955 1431 5040 gentelman,
1454 4963 1487 5016 et
1503 4951 1649 5036 Rogems
1664 4949 1750 5012 Eton
1766 4949 1799 5010 in

300 5041 412 5106 eodem
429 5042 599 5119 comitutu,
614 5042 813 5127 gentelman,
829 5048 943 5107 tenent
968 5056 1057 5107 certa
1082 5052 1183 5107 terres
1205 5051 1239 5105 et
1265 5048 1454 5108 tenemento
1476 5041 1509 5103 in
1536 5039 1630 5104 Eros
1647 5037 1802 5103 Musteus

299 5149 358 5214 per
371 5129 544 5193 servicium
559 5129 747 5194 medietatis
756 5130 785 5212 j.
803 5129 825 5195 f.
841 5150 887 5196 m.
904 5131 989 5214 quod
1005 5131 1095 5194 valet
1110 5133 1172 5193 etc.
1188 5129 1231 5212 vj.
1241 5152 1338 5195 crare.

341 5271 505 5339 Joheunes
521 5273 661 5338 Skreven
677 5275 717 5338 de
733 5274 927 5359 Froddesley
944 5276 977 5340 in
993 5277 1105 5340 eodem
1121 5276 1290 5353 comitatu,
1305 5275 1506 5361 genteimsn‚
1516 5281 1604 5335 tenet
1620 5269 1802 5333 manerium

297 5361 337 5425 de
373 5360 594 5428 Fnonnusuuv
631 5381 688 5445 per
723 5362 893 5426 servicium
930 5370 1044 5448 quarte
1082 5363 1183 5445 partis
1219 5362 1245 5446 j.
1276 5364 1299 5426 i.
1329 5383 1375 5429 m.
1406 5363 1447 5425 de
1482 5360 1625 5443 predicto
1654 5356 1803 5420 Johsnne

299 5448 511 5525 Mautrsvers,
524 5448 611 5531 quod
627 5448 713 5513 valet
727 5455 790 5513 etc.
807 5449 863 5533 vij.
873 5471 971 5516 more.
