4117 6209
327 687 391 752 leo
924 685 1234 752 NOTTINGHAM.

372 977 419 1040 Ile
443 975 598 1041 Nicholao
621 976 759 1063 Strelley
782 1002 840 1066 pro
867 980 916 1065 iij.
933 979 1080 1063 partibus
1106 983 1139 1043 et
1165 979 1223 1041 xl‘·
1244 983 1336 1062 parte
1357 975 1385 1060 j.
1401 974 1424 1040 f.
1441 995 1487 1040 m.
1505 973 1545 1038 de
1569 972 1626 1036 illo
1641 970 1686 1036 di.
1703 969 1727 1034 f.
1742 968 1829 1056 quod

326 1065 485 1127 Robertns
511 1063 648 1148 Strelley
663 1073 697 1129 et
720 1069 778 1132 alii
803 1068 968 1152 quondam
995 1072 1172 1131 tenuerunt
1197 1067 1233 1129 in
1248 1066 1437 1140 Buauson,
1456 1068 1491 1125 et
1506 1080 1586 1146 quas
1601 1059 1740 1144 quedam
1758 1059 1826 1134 (sic)

327 1157 434 1234 partes
450 1153 610 1216 Robertus
626 1153 766 1239 Strelley
781 1156 1007 1240 nuperienuit
1065 1194 1077 1205 -
1167 1195 1177 1204 -
1268 1193 1279 1203 -
1369 1191 1380 1201 -
1471 1189 1482 1200 ·
1571 1187 1583 1198 -
1671 1167 1734 1210 us.
1752 1144 1829 1229 ij.d.

370 1289 418 1351 De
444 1291 549 1372 priore
575 1291 614 1353 de
640 1291 769 1355 Lenton
793 1313 852 1376 pro
875 1294 992 1377 quinta
1016 1297 1107 1376 parte
1132 1296 1167 1355 et
1190 1291 1234 1355 xl.
1253 1293 1345 1374 parte
1371 1287 1453 1351 dicti
1477 1287 1522 1350 di.
1545 1284 1568 1349 f.
1594 1284 1725 1360 residui,
1751 1301 1830 1366 quas

327 1377 567 1460 predecessores
583 1379 635 1442 sui
650 1385 829 1443 tenuerunt
911 1415 1326 1431 -----
1415 1371 1520 1436 nichil
1535 1372 1612 1457 quia
1628 1368 1830 1434 decimabile.

372 1515 420 1576 De
446 1516 552 1597 priore
575 1516 616 1579 de
643 1515 904 1603 Sempryngham
931 1539 989 1600 pro
1015 1517 1091 1602 iiip-
1112 1521 1205 1600 parte
1228 1521 1262 1578 et
1285 1523 1361 1580 xxx·
1381 1518 1473 1597 parte
1489 1512 1529 1576 de
1545 1512 1634 1575 dicto
1649 1509 1694 1571 di.
1711 1507 1733 1572 l.
1748 1505 1832 1590 quod

328 1602 491 1686 quondam
506 1604 592 1685 prior
607 1604 755 1688 ejusdem
771 1605 834 1669 loci
851 1607 969 1685 tenuit,
987 1610 1022 1669 et
1036 1603 1122 1688 quod
1139 1602 1323 1666 Willelmus
1339 1600 1471 1684 Riseley
1485 1602 1577 1683 prius
1592 1597 1702 1661 tenuit

1420 1687 1520 1751 nichil
1537 1686 1615 1772 quia
1629 1680 1832 1746 decimabile.

371 1825 421 1888 De
446 1824 571 1889 Thoma
595 1826 746 1892 Wolaton
773 1850 831 1913 pro
857 1828 931 1916 iiijr·
952 1835 1046 1913 parte
1070 1828 1095 1913 J'.
1111 1829 1135 1892 f.
1158 1829 1193 1890 in
1209 1828 1373 1905 Wsrnow,
1399 1844 1497 1909 quam
1513 1822 1699 1887 Willelmus
1713 1820 1833 1902 Amyas

327 1914 492 1998 qnondam
508 1915 618 1978 tenuit
727 1949 1654 1968 ----------
1743 1905 1831 1971 aad.

371 2058 420 2122 De
435 2057 584 2124 Johanne
599 2059 795 2140 Brolrestorr,
811 2062 950 2126 Ricardo
967 2062 1073 2125 Baker
1096 2067 1132 2126 et
1156 2062 1299 2125 Henrico
1324 2059 1547 2124 Maklrerrorth
1574 2055 1750 2141 separatim
1774 2074 1832 2137 pro

327 2145 371 2209 di.
388 2145 410 2246 l.
425 2147 459 2209 in
476 2148 716 2228 Annaswoarn
732 2149 819 2212 unde
835 2151 975 2234 quilibet
990 2156 1085 2213 tenet
1100 2149 1259 2232 equaliter
1274 2149 1409 2212 terciam
1425 2152 1552 2232 partem
1575 2145 1722 2229 ejusdem
1744 2143 1789 2205 di.
1806 2139 1830 2206 f.

327 2253 383 2316 per
396 2235 656 2316 inquisicionem,
678 2236 765 2319 quod
790 2236 954 2301 Johannes
977 2237 1018 2300 de
1044 2235 1246 2301 hldcsworth
1272 2237 1434 2322 qnondam
1460 2234 1570 2297 tenuit
1595 2233 1636 2294 de
1659 2229 1831 2312 Radulpho

329 2319 511 2383 Cromewell
539 2361 1159 2375 -------
1249 2321 1351 2386 nichil
1365 2325 1442 2406 qnia
1456 2327 1569 2385 contra
1583 2318 1832 2382 concessionem.

371 2465 421 2528 De
436 2466 511 2553 viij⁸
531 2474 622 2551 parte
636 2469 661 2556 J'.
678 2468 701 2534 l.
719 2471 753 2532 in
769 2470 942 2551 saonam,
958 2471 1044 2555 quod
1059 2471 1175 2536 Petrus
1189 2471 1229 2535 de
1246 2469 1385 2553 Strclley
1400 2473 1503 2550 tenet,
1521 2473 1555 2530 et
1570 2467 1656 2551 quod
1671 2464 1832 2529 Robertus

328 2552 468 2636 Strelley
482 2555 646 2637 quondam
662 2559 773 2621 tenuit
841 2597 852 2609 -
942 2597 953 2610 ·
1045 2599 1056 2609 ·
1147 2598 1158 2610 -
1246 2556 1350 2621 nichil
1364 2558 1440 2642 quia
1456 2561 1568 2620 contra
1583 2553 1831 2617 concessionem.

371 2698 418 2761 De
444 2700 551 2781 priore
580 2699 623 2763 de
650 2700 743 2764 Novo
772 2702 868 2780 Loco,
897 2703 1022 2767 Thoma
1052 2701 1243 2783 columbell,
1273 2701 1429 2767 Nicholao
1460 2697 1659 2782 saputem,
1689 2697 1831 2761 Roberto

326 2785 486 2887 hlatteley
501 2793 535 2849 et
550 2786 715 2850 Willelmo
740 2787 885 2853 Johnson
912 2791 1088 2873 separatim
1116 2812 1173 2874 pro
1194 2793 1219 2877 J'.
1237 2791 1259 2856 l.
1274 2793 1309 2852 in
1328 2789 1551 2864 Srsrnnroan,
1567 2785 1653 2869 quod
1668 2784 1830 2868 quondam

328 2873 484 2936 Ricardus
514 2873 610 2935 Heriz
634 2876 754 2954 tenuit,
781 2877 869 2940 unde
894 2878 981 2959 prior
1004 2878 1046 2941 de
1072 2877 1165 2940 Novo
1192 2879 1276 2941 Loco
1301 2897 1357 2960 pro
1377 2879 1493 2958 quarta
1516 2879 1608 2956 parte
1634 2870 1715 2933 dicti
1730 2869 1829 2948 t'eodi,

327 2960 467 3061 Thomas
482 2959 662 3024 Columbell
678 2982 734 3044 pro
748 2963 814 3027 alia
827 2965 945 3047 quinta
959 2971 1050 3047 parte
1066 2964 1149 3028 dicti
1165 2964 1262 3042 feodi,
1287 2961 1460 3028 Nioholaus
1475 2959 1663 3042 Stapulford
1687 2977 1745 3040 pro
1767 2954 1832 3017 alia

327 3055 444 3152 qqrnta
469 3052 562 3130 parte
588 3047 669 3111 dicti
694 3048 792 3128 feodi,
815 3049 976 3114 Robertus
1005 3051 1166 3135 Matteley
1181 3073 1238 3135 pro
1264 3052 1328 3116 alia
1350 3049 1465 3135 quinta
1492 3054 1585 3129 parte
1600 3045 1681 3109 dicti
1697 3042 1783 3107 feodi
1798 3049 1832 3105 et

327 3134 509 3203 Vlrllelmus
525 3134 668 3199 Johnson
685 3157 742 3219 pro
756 3138 884 3201 residua
899 3140 1016 3223 quinta
1032 3145 1123 3222 parte
1137 3141 1219 3202 dicti
1234 3138 1319 3203 feodi
1334 3159 1392 3222 per
1407 3133 1657 3220 inquisicionem

1250 3225 1349 3289 nichil
1366 3225 1445 3308 quia
1458 3225 1569 3284 contra
1584 3217 1831 3283 concessionem.

331 3356 422 3457 ΗΒΘ
437 3361 551 3420 octava
565 3361 656 3441 parte
670 3359 695 3445 J'.
712 3360 735 3424 f.
752 3363 786 3424 in
802 3361 975 3441 Taowsnn,
991 3382 1091 3448 quam
1107 3362 1205 3428 abbas
1220 3363 1261 3428 de
1277 3364 1309 3427 la
1324 3362 1403 3425 Dale
1418 3358 1583 3442 quondam
1598 3357 1708 3420 tenuit
1723 3356 1762 3418 de
1776 3353 1835 3417 illa

329 3446 404 3545 nrJl·
424 3450 515 3529 parte
526 3444 553 3528 J’.
569 3446 591 3510 f.
608 3445 647 3509 de
661 3468 726 3530 qua
741 3450 829 3513 idem
843 3449 940 3513 abhas
955 3470 1059 3533 nuper
1074 3457 1226 3516 oneratus
1242 3452 1308 3514 fuit
1322 3469 1407 3513 anno
1423 3456 1476 3513 xx⁰
1501 3444 1660 3509 Edwardii
1682 3443 1776 3506 tercii
1798 3443 1833 3504 in

331 3531 508 3594 evidenciis
524 3535 676 3596 scaccarii
743 3572 1164 3591 -----
1252 3538 1354 3601 nichil
1370 3537 1447 3622 quia
1460 3538 1572 3598 contra
1586 3532 1835 3596 concessionem.

375 3667 421 3730 De
436 3669 510 3754 viij·
529 3676 623 3753 parte
637 3671 662 3756 J'.
680 3670 702 3737 i.
718 3675 847 3737 residua
862 3673 903 3738 de
917 3673 992 3761 iiijr·
1012 3682 1104 3758 parte
1119 3676 1276 3759 predicta,
1291 3695 1390 3758 quam
1413 3674 1500 3757 prior
1521 3671 1562 3734 dc
1578 3667 1835 3752 Sempryngham

330 3757 495 3840 quondam
513 3760 621 3821 tenuit
1436 3757 1538 3823 nichil
1554 3777 1649 3820 cansa
1663 3755 1835 3819 consimili.

332 3981 340 3994 .
375 3893 556 3994 Detquinta
570 3899 664 3976 parte
681 3904 716 3959 et
730 3895 856 3961 duabus
871 3898 1018 3980 partibus
1033 3899 1282 3983 quadragesime
1297 3900 1399 3982 partis
1424 3897 1448 3983 J'.
1465 3897 1487 3959 f.
1512 3897 1547 3958 in
1574 3895 1773 3960 Baausco‘rn
1799 3893 1838 3955 de

329 3980 388 4042 1110
402 3980 447 4044 dl.
462 3979 485 4045 f.
498 3983 583 4080 qnod
598 3982 780 4046 Willelmus
795 3983 836 4047 de
851 3983 988 4068 Ryseley
1000 3986 1166 4069 quondam
1182 3989 1301 4068 tenuit,
1315 3994 1348 4051 at
1363 3985 1450 4069 quod
1465 3982 1630 4047 Johannes
1645 3980 1685 4043 de
1701 3978 1836 4062 Ryseley

331 4086 435 4150 nuper
449 4070 559 4130 tenuit
626 4108 1346 4124 --------
1434 4069 1538 4134 nichil
1553 4087 1648 4130 causa
1662 4065 1835 4131 consimili.

373 4202 422 4268 De
437 4207 529 4268 sexta
543 4209 637 4288 parte
651 4206 675 4293 J'.
691 4206 714 4272 f.
732 4208 768 4271 in
782 4208 992 4290 Besoucora,
1007 4209 1096 4292 qnod
1111 4209 1269 4274 Ricardus
1285 4210 1325 4274 dc
1346 4206 1528 4293 Welughby
1542 4205 1704 4290 qnondam
1727 4205 1837 4267 tenuit

1433 4295 1536 4359 nichil
1551 4314 1648 4357 causa
1662 4291 1837 4357 consimili.

371 4428 421 4493 De
447 4431 563 4516 quinta
586 4436 679 4516 parts
704 4432 730 4521 J'.
746 4433 769 4499 f.
796 4433 831 4498 in
856 4435 1097 4517 Annsswoarn,
1113 4436 1154 4502 de
1179 4437 1273 4502 feodo
1299 4437 1338 4501 de
1362 4433 1541 4511 cromwell,
1569 4431 1654 4519 quod
1672 4431 1780 4514 lignes
1795 4430 1837 4493 de

329 4516 457 4581 Belese
472 4519 635 4602 quondam
651 4522 760 4583 tenuit
819 4562 1340 4576 ------
1428 4520 1531 4586 nichil
1547 4540 1644 4584 causa
1660 4517 1835 4582 consimili.

330 4741 351 4756 ..
374 4653 558 4757 Onerantuf
586 4678 682 4740 super
711 4663 899 4741 compotum
928 4660 968 4724 de
997 4662 1094 4749 iiiJ'.s.
1120 4664 1193 4728 nd.
1221 4661 1317 4746 q‘de
1347 4661 1453 4745 priore
1478 4659 1517 4722 de
1542 4656 1634 4720 Bella
1660 4654 1751 4718 Valle
1777 4674 1836 4737 pro

328 4763 364 4828 rJ.
380 4741 526 4826 partibus
539 4764 563 4829 J.
580 4744 602 4809 f.
618 4767 663 4811 m.
678 4745 714 4808 in
729 4745 928 4829 Garssnnar,
944 4770 1025 4832 quas
1041 4750 1071 4813 N
1074 4749 1217 4814 ieholaus
1231 4750 1272 4814 de
1289 4749 1463 4831 Cantilupo
1478 4745 1643 4916 quondiiii
1658 4742 1767 4894 tsenvuip
1793 4837 1828 4910 q⁰

374 4967 424 5030 De
439 4967 544 5068 priore
559 4968 600 5031 de
618 4967 710 5033 Bella
727 4971 816 5036 Valle
831 4995 888 5057 pro
903 4974 957 5061 iij·
978 4980 1071 5060 parte
1085 4977 1110 5062 J'.
1128 4976 1149 5042 i.
1167 4975 1202 5038 in
1220 4975 1418 5050 Garssnnnr,
1435 4968 1522 5033 unde
1537 4967 1645 5030 dictus
1660 4964 1837 5028 Nicholans

330 5053 562 5156 deucanhlupo
578 5076 681 5139 nuper
697 5060 807 5123 tenuit
820 5060 856 5145 iJ'.
874 5071 992 5146 partes,
1006 5083 1106 5148 quam
1130 5063 1261 5146 quidem
1287 5062 1423 5124 terciam
1447 5064 1575 5140 partem
1603 5052 1839 5138 predecessores

332 5163 383 5205 sur
398 5142 563 5227 quondam
579 5148 760 5209 tennerunt
804 5185 1324 5201 ------
1412 5141 1515 5208 nichil
1529 5142 1608 5226 quia
1624 5139 1837 5206 decimabilis.

336 5374 344 5389 ·
375 5286 424 5350 De
448 5285 635 5387 Mprgareta
657 5289 697 5353 de
722 5291 904 5376 langeford
927 5299 962 5359 et
976 5295 999 5362 J
999 5295 1127 5360 ohanne
1142 5293 1297 5359 Colcefcld
1312 5313 1369 5378 pro
1385 5291 1564 5356 medietate
1579 5289 1604 5376 J'.
1622 5288 1645 5352 l.
1662 5307 1708 5352 m.
1724 5285 1764 5349 de
1779 5285 1837 5349 illo

332 5395 356 5459 J.
373 5375 395 5439 f.
409 5378 444 5437 et
458 5382 533 5459 an⁸
554 5381 645 5458 parte
660 5376 684 5461 J'.
700 5377 724 5442 l.
739 5379 773 5440 in
790 5380 977 5458 Braurona,
993 5404 1057 5466 que
1073 5383 1251 5447 Alveredus
1265 5382 1304 5446 de
1320 5381 1422 5465 Sulny
1437 5384 1471 5443 et
1497 5375 1660 5441 Johannes
1683 5371 1837 5436 Ookefeld

331 5481 433 5564 nuper
447 5465 636 5545 manarunt,
653 5485 710 5552 per
723 5466 975 5570 inquisicionem
1024 5510 1035 5524 .
1126 5509 1137 5524 .
1228 5509 1238 5524 .
1330 5509 1341 5524 .
1431 5507 1442 5520 .
1533 5505 1544 5518 .
1633 5459 1836 5548 iij,3,iiij,d‚
