4117 6209
317 643 360 708 98
911 643 1222 712 NOTTINGHAM.

363 919 476 985 Comes
492 920 678 986 lancastrie
692 926 785 985 tenet
800 921 850 1005 iij.
866 920 891 987 1.
907 921 959 988 i.o.
975 921 1015 984 (16
1029 942 1104 1008 rege
1120 922 1205 987 unde
1218 944 1271 985 :-

361 1057 500 1121 Thomas
515 1059 557 1122 de
571 1059 697 1143 Marsey
712 1064 802 1124 tonet
816 1060 853 1143 ij.
870 1060 892 1123 1.
909 1059 948 1123 (16
963 1059 1076 1122 eodem
1092 1061 1212 1123 comite
1227 1061 1262 1122 in
1279 1059 1513 1126 Gannnnsnou.

365 1191 521 1256 Ricardus
535 1195 575 1258 de
590 1195 743 1259 Furuerrs
758 1204 791 1259 et
806 1197 963 1261 Ricardus
977 1199 1019 1262 de
1037 1196 1289 1283 Boseliugthorp
1305 1203 1416 1261 teuent
1427 1195 1455 1280 j.
1469 1194 1492 1260 1.
1503 1194 1543 1257 (16
1558 1194 1673 1258 eodem
1689 1191 1821 1280 [comite

323 1280 358 1341 in
373 1279 679 1368 Bornnuusnunn].

366 1417 522 1482 Ricardus
536 1419 577 1482 (16
593 1419 712 1483 Suttou
727 1427 820 1485 tenet
837 1423 881 1485 di.
897 1423 920 1486 1.
937 1425 989 1487 ic.
1005 1423 1047 1486 de
1063 1443 1139 1507 rege
1155 1424 1188 1485 in
1205 1422 1347 1490 Wsnaor
1362 1425 1397 1484 et
1413 1420 1578 1486 Ennaruo.

365 1552 508 1616 Heredes
523 1553 655 1618 Roberti
669 1555 711 1618 de
727 1555 892 1618 Marcham
909 1562 1020 1620 tenent
1036 1557 1081 1622 di.
1099 1558 1120 1621 1.
1137 1558 1189 1621 io.
1205 1556 1247 1619 de
1263 1577 1338 1641 rege
1353 1557 1386 1616 in
1404 1555 1575 1620 Turnonn.

365 1689 466 1752 Adam
482 1691 522 1753 (16
538 1691 755 1778 Everiugham
771 1699 861 1755 tenet
872 1693 899 1776 j.
916 1694 940 1760 f.
956 1694 1007 1756 ic.
1023 1694 1064 1756 de
1075 1715 1156 1779 rege
1170 1695 1206 1757 in
1221 1694 1365 1760 Laxnon.

365 1824 525 1890 Haurious
539 1827 580 1890 de
597 1827 624 1889 F
624 1828 839 1913 aueumberge
856 1834 947 1892 tenet
962 1835 1027 1893 tres
1054 1835 1162 1915 partes
1183 1829 1211 1914 j.
1229 1831 1252 1895 f.
1281 1828 1366 1893 uude
1390 1828 1485 1892 abbas
1509 1829 1550 1890 de
1566 1825 1717 1890 Welebek
1736 1831 1822 1889 tenet

321 1919 470 1998 quartam
493 1911 634 2000 [partem
650 1917 685 1978 in
699 1936 815 2000 puram
830 1923 864 1979 et
879 1923 1070 2001 perpetuam
1087 1918 1296 1981 elemosinam
1313 1919 1347 1979 in
1365 1912 1553 2000 Gonnum}

365 2049 481 2115 Comes
506 2052 674 2116 Linoolnie
699 2059 788 2117 tenet
812 2061 877 2116 tres
902 2061 1010 2138 partes
1027 2055 1055 2139 j.
1071 2056 1095 2118 1.
1111 2057 1162 2122 i.o.
1179 2055 1322 2140 detege,
1339 2055 1424 2117 unde
1439 2053 1586 2138 Magaria
1602 2050 1711 2115 Foliot
1725 2050 1824 2114 debet

322 2139 511 2222 respondere
533 2137 582 2227 [in
599 2141 801 2208 Garussnou
817 2148 852 2204 et
867 2140 1079 2229 Wunnawu}

365 2265 479 2332 Comes
495 2269 729 2335 Riehemundie
744 2275 836 2333 tenet
852 2275 1000 2353 quartam
1027 2278 1154 2353 partem
1177 2273 1204 2357 j.
1222 2273 1246 2336 f.
1262 2273 1312 2336 i.o.
1328 2272 1367 2335 (16
1383 2290 1468 2355 rege,
1483 2270 1568 2332 unde
1584 2268 1766 2331 Willelmus
1781 2267 1821 2328 (16

322 2354 464 2418 Musters
478 2357 575 2420 debet
589 2358 781 2440 respondere
803 2355 852 2443 [in
870 2355 1104 2444 umeswam}

365 2488 523 2554 Dominus
539 2491 580 2554 de
595 2491 752 2575 Moubray
768 2499 860 2554 tenet
874 2492 911 2574 ij.
929 2492 951 2560 1.
968 2498 1001 2555 et
1017 2501 1082 2556 tres
1098 2499 1207 2576 partes
1223 2492 1248 2578 j.
1265 2491 1288 2558 f.
1305 2493 1359 2558 i.o.
1376 2493 1417 2554 de
1432 2510 1509 2575 rege
1526 2491 1611 2553 unde
1622 2511 1674 2552 :-

366 2624 528 2690 Johaunes
543 2625 677 2710 Deyvile
692 2634 784 2704 tenet
797 2628 822 2713 j.
839 2626 861 2692 f.
879 2629 918 2692 (16
933 2629 1064 2692 domiuo
1080 2629 1119 2693 de
1136 2627 1293 2711 Moubray
1308 2629 1452 2711 predicto
1469 2629 1503 2689 in
1518 2626 1714 2692 Esuaunou.

365 2763 465 2847 Hugo
479 2764 519 2827 de
535 2763 665 2849 Serleby
680 2772 770 2830 tenet
786 2767 834 2851 iij.
849 2772 957 2850 partes
968 2765 995 2852 j.
1010 2767 1035 2833 1.
1052 2767 1093 2830 (16
1110 2767 1222 2831 eodem
1239 2769 1273 2830 in
1291 2767 1454 2834 Sannuan.

366 2897 529 2962 Johannes
550 2900 590 2963 (16
614 2900 732 2964 Sancta
757 2901 858 2965 Elena
873 2909 907 2966 61
922 2902 1086 2970 Walterns
1100 2901 1173 2965 Tnlr
1189 2907 1303 2964 tenent
1312 2902 1340 2986 j.
1357 2901 1380 2964 1.
1396 2902 1436 2965 (16
1451 2900 1473 2964 J
1474 2901 1573 2964 aeobo
1588 2901 1628 2963 de
1645 2901 1775 2976 sutton,
1790 2906 1822 2962 et

322 2987 667 3140 insgzemqutYreredibus
697 2987 831 3053 Roberti
860 2991 901 3052 de
931 2990 1109 3068 Mareham,
1140 2996 1174 3053 et
1203 2991 1265 3072 ipsi
1295 2990 1336 3052 de
1365 2989 1497 3052 domino
1527 2989 1567 3050 de
1599 2987 1757 3065 Mowbray
1788 2989 1821 3048 in

367 3206 474 3271 Abbas
496 3207 537 3270 de
561 3206 693 3272 Rufford
719 3214 812 3271 tenet
838 3211 882 3273 di.
905 3209 928 3274 1.
952 3211 986 3271 in
1014 3229 1128 3292 puram
1156 3215 1191 3272 et
1216 3215 1407 3292 perpetuam
1432 3209 1641 3272 elemosinam
1665 3209 1705 3270 de
1730 3206 1822 3271 feodo

323 3293 452 3357 Radulfi
469 3294 510 3358 de
527 3294 666 3358 Herlord
681 3308 716 3358 61
730 3296 769 3359 (16
785 3295 954 3359 heredibus
969 3297 1110 3360 Gilberti
1125 3297 1166 3360 de
1189 3295 1334 3382 [Grauut
1353 3299 1420 3376 (aio)
1440 3303 1473 3360 61
1489 3298 1552 3380 ipsi
1568 3297 1608 3359 de
1632 3297 1761 3359 Graunt
1781 3294 1822 3357 (16

323 3379 415 3468 rege]
435 3383 487 3446 i.o.
502 3384 535 3445 in
553 3381 740 3448 Eruunruu.

367 3518 529 3583 lohannes
544 3520 585 3583 de
603 3520 719 3602 Lysurs
734 3524 821 3583 tenet
838 3520 883 3584 di.
901 3520 924 3583 t.
942 3520 982 3583 (16
999 3522 1147 3605 episcopo
1162 3519 1381 3583 Linooluiensi
1396 3520 1430 3582 in
1448 3519 1591 3586 Srocuu.

366 3653 540 3719 Nioholaus
565 3655 606 3718 de
633 3655 763 3739 Asteley
779 3661 869 3720 tenet
897 3663 1020 3720 sextam
1046 3663 1171 3739 partem
1191 3657 1218 3740 j.
1234 3656 1258 3723 1.
1275 3659 1309 3719 in
1336 3655 1746 3723 (10111111111111111
1775 3659 1823 3715 set

323 3743 476 3826 ignorant
496 3741 549 3828 [de
564 3762 628 3825 quo
643 3749 773 3806 tenetur
785 3744 819 3806 iu
835 3742 974 3829 capite].

366 3880 600 3945 annsnuonn
615 3883 745 3942 tenetur
760 3880 801 3942 de
816 3879 955 3942 Roberto
971 3880 1011 3942 de
1028 3879 1149 3966 Greley
1164 3901 1220 3964 per
1235 3884 1384 3966 quartam
1401 3886 1527 3963 partem
1539 3879 1567 3963 j.
1584 3877 1606 3942 f.

701 4200 1007 4289 [Wsnrsurscmuu
1029 4226 1074 4270 nn
1096 4198 1461 4288 BROKOLSTOWE.]

369 4366 546 4450 Inquisioio
575 4365 615 4428 de
646 4366 886 4449 wappentaohio
916 4367 956 4428 (16
989 4365 1207 4430 Brolrolslowe
1243 4366 1282 4428 de
1320 4365 1422 4428 feodis
1459 4363 1603 4427 militum
1641 4365 1676 4426 in
1712 4365 1824 4427 eodem

324 4451 569 4538 wappentaohio
595 4475 650 4536 per
675 4457 912 4517 sacramentum
937 4453 1072 4516 Roberti
1095 4455 1133 4516 (16
1158 4452 1321 4537 Rysseley‚
1336 4449 1487 4514 Nioholai
1502 4451 1542 4515 (16
1558 4451 1680 4527 Insula,
1696 4451 1825 4514 Ricardi

326 4542 456 4621 Martel‚
472 4539 629 4603 Willelmi
645 4540 685 4604 de
700 4540 878 4615 Addinbur‚
894 4537 1054 4604 lobannis
1077 4541 1117 4604 de
1145 4540 1323 4624 heingelon,
1346 4536 1506 4602 Johannis
1529 4539 1570 4600 (16
1598 4537 1824 4617 Brokolstowe,

324 4628 449 4692 Thome
473 4627 513 4691 de
540 4627 659 4711 cressy,
686 4626 843 4691 lobannis
869 4626 909 4689 de
936 4627 1101 4706 Sellistou,
1130 4627 1262 4691 Roborti
1289 4628 1327 4689 de
1354 4625 1510 4708 Lindeby‚
1536 4623 1684 4709 lingonis
1710 4623 1825 4688 Clerioi

324 4717 443 4801 Rogati
458 4715 498 4779 de
512 4714 718 4792 Mamoestra
732 4720 766 4779 61
782 4714 914 4780 Roberti
930 4715 990 4778 filii
1007 4715 1147 4780 Galfridi
1164 4717 1204 4778 (16
1222 4715 1359 4790 Lenton,
1374 4713 1430 4798 qui
1444 4712 1559 4775 dicunt
1575 4713 1660 4795 quod
1670 4736 1724 4776 :—

367 4905 526 4968 Robertus
555 4903 595 4968 de
622 4903 772 4967 Stotevill
798 4905 962 4990 quondam
985 4908 1095 4970 tenuit
1119 4906 1299 4969 manerium
1327 4905 1367 4966 de
1395 4903 1546 4968 Kraunau
1574 4923 1629 4985 per
1655 4901 1823 4965 servicium

323 4992 370 5076 iij.
386 4992 409 5059 1.
426 5014 472 5057 m.
499 4997 607 5055 otest
633 4992 729 5055 modo
751 4993 785 5056 iu
812 5014 912 5056 manu
938 4993 1062 5056 domini
1089 4994 1184 5077 regis,
1215 4993 1255 5054 de
1281 4991 1398 5077 quibus
1424 4991 1605 5053 manerium
1620 4988 1661 5052 de
1677 4987 1823 5069 Kirkoby

324 5078 494 5163 respondet
509 5099 566 5162 pro
581 5080 626 5142 di.
641 5079 666 5146 1.

366 5218 524 5302 Magister
539 5216 721 5280 Willelmus
744 5218 785 5280 de
809 5217 974 5302 Pykering
996 5223 1089 5282 tenet
1109 5219 1137 5301 j.
1155 5220 1176 5283 t.
1203 5219 1237 5281 in
1265 5216 1448 5282 *1111116111
1474 5235 1549 5278 cum
1575 5216 1668 5278 terris
1697 5211 1824 5276 Rioardi

323 5304 455 5370 Martell
469 5307 503 5368 in
520 5303 753 5372 Cmnnnwnnn.

365 5439 554 5524 Rauulphns
568 5439 609 5502 de
625 5437 817 5526 Wandesley
831 5447 922 5505 tenet
932 5442 959 5527 j.
978 5442 1000 5505 1.
1016 5447 1051 5504 in
1066 5442 1315 5518 Wsuns(s)nnn.
