4117 6209
907 675 990 742 Δ.Ι).
1015 676 1110 742 1428.
1692 676 1753 741 191

300 961 459 1026 Robertus
469 962 643 1026 Andrewes
657 965 749 1026 tenet
763 962 952 1026 immediate
966 966 1029 1026 etc.
1040 967 1126 1024 certa
1142 965 1244 1026 terras
1259 966 1292 1024 et
1307 965 1496 1025 tenemento
1510 961 1545 1023 in
1558 959 1753 1040 Omnvowa,

257 1050 375 1134 dequo
391 1051 570 1132 ignoratur,
587 1070 650 1135 que
665 1069 769 1132 nuper
785 1051 919 1113 fuerunt
932 1048 1091 1113 Iohannis
1107 1048 1194 1113 Pour
1207 1068 1265 1132 per
1279 1049 1454 1111 servicium
1469 1049 1514 1114 di.
1531 1046 1554 1114 f.
1571 1069 1617 1113 m.

301 1187 404 1249 Heres
441 1186 569 1250 Andree
605 1185 676 1270 Gay
708 1191 799 1249 tenet
835 1186 1025 1250 immediate
1062 1189 1125 1251 etc.
1154 1192 1246 1250 certa
1284 1189 1384 1248 terrae
1420 1193 1454 1249 et
1492 1191 1683 1250 tenemento
1718 1188 1752 1248 in

258 1273 495 1424 glinipappaoxn,
521 1274 562 1336 de
589 1294 653 1359 quo
679 1274 944 1358 ignoratamque
973 1293 1075 1356 nuper
1103 1272 1553 1356 fuerunt—ignoratur-per
1579 1274 1752 1336 servicium

301 1472 408 1537 Abbas
422 1472 463 1536 de
479 1471 585 1556 Osney
600 1477 693 1537 tenet
707 1473 889 1537 manerium
905 1471 945 1536 de
961 1473 1125 1538 Hsueaoa
1140 1472 1211 1540 Gar
1233 1491 1310 1535 cum
1336 1471 1559 1555 pertinenciis,
1583 1473 1754 1536 continens

258 1560 303 1625 di.
319 1559 344 1626 f.
361 1580 406 1625 m.
423 1564 458 1624 et
473 1558 572 1624 solvit
587 1561 736 1624 decimas.
1222 1611 1225 1615 J

301 1696 484 1761 willelmus
510 1696 621 1780 Lynde
646 1701 737 1760 tenet
760 1697 954 1762 immediate
977 1700 1041 1761 etc.
1057 1699 1143 1760 certa
1157 1701 1260 1760 terras
1274 1701 1310 1760 et
1325 1700 1512 1761 tenementa
1527 1697 1561 1758 in
1579 1697 1698 1775 Suom,
1714 1696 1754 1759 de

258 1805 321 1869 quo
335 1786 514 1868 ignoratur,
528 1804 590 1866 que
605 1803 707 1867 nuper
723 1783 855 1848 fuerunt
870 1784 981 1866 Egidii
996 1785 1037 1847 de
1054 1783 1168 1847 Insula
1182 1803 1240 1867 per
1254 1784 1428 1847 servicium
1440 1783 1468 1867 j.
1485 1782 1507 1849 f.
1526 1805 1570 1850 m.

302 1923 395 1988 Idem
419 1923 602 1988 Willelmus
632 1928 724 1989 tenet
753 1925 946 1988 immediate
975 1929 1037 1988 etc.
1062 1930 1153 1988 certa
1183 1927 1285 1986 terras
1308 1928 1343 1986 et
1365 1928 1555 1989 tenementa
1578 1924 1613 1987 in
1646 1925 1753 1992 Sacra

260 2011 415 2097 predicta,
430 2031 494 2095 que
508 2033 613 2096 nuper
627 2012 762 2076 fuerunt
775 2011 961 2097 Margarete
975 2011 1116 2095 Damory
1132 2030 1190 2094 per
1204 2011 1377 2074 servicium
1392 2010 1437 2075 di.
1454 2011 1478 2077 f.
1494 2033 1540 2077 m.

302 2144 467 2211 Johannes
502 2147 687 2230 langueton
725 2151 818 2210 tenet
854 2145 1049 2210 immediate
1084 2151 1148 2210 etc.
1179 2149 1269 2209 certe
1305 2149 1408 2209 terras
1438 2150 1473 2209 et
1502 2151 1689 2210 tenemeuta
1718 2147 1753 2210 in

260 2233 479 2386 Ilpaanrlmunn,
495 2234 613 2318 dequo
628 2235 809 2318 ignoratur,
824 2253 885 2318 que
900 2253 1005 2318 nuper
1019 2234 1155 2298 fuerunt
1169 2232 1302 2296 Ricardi
1329 2233 1473 2317 Damory
1499 2254 1556 2318 per
1579 2235 1755 2298 servicium

260 2342 283 2406 1.
315 2371 322 2387 .
377 2370 384 2386 .

304 2431 465 2496 Walterus
480 2433 598 2502 cotton
612 2437 704 2497 tenet
717 2432 909 2496 immediate
924 2438 987 2499 etc.
997 2437 1088 2496 certa
1101 2436 1204 2496 terras
1218 2439 1252 2495 et
1269 2436 1456 2496 tenemento
1470 2433 1505 2496 in
1521 2432 1754 2513 Bnaoaasncu,

261 2520 301 2584 de
316 2540 380 2605 quo
394 2521 652 2605 ignoratamque
667 2539 771 2604 nuper
785 2519 920 2583 fuerunt
936 2519 1126 2584 Enzabethe
1140 2518 1181 2582 de
1197 2517 1327 2605 Burgbe
1342 2540 1401 2604 per
1416 2521 1589 2584 servicium
1599 2521 1627 2603 j.
1643 2520 1666 2585 f.
1682 2543 1727 2586 m.

304 2656 398 2720 Idem
413 2655 575 2720 Walterus
589 2661 680 2721 tenet
695 2655 888 2720 immediate
904 2661 968 2723 etc.
984 2661 1075 2720 certa
1088 2665 1192 2722 terras
1206 2663 1241 2720 et
1256 2664 1447 2721 tenemento
1472 2661 1508 2722 in
1532 2660 1755 2726 Baacaasuoa

261 2743 492 2915 ffisstpirdes
505 2763 577 2892 llud:
597 2745 779 2828 ignoratur,
802 2764 863 2828 que
883 2762 985 2828 nuper
998 2743 1129 2809 luerunt
1149 2744 1304 2808 Willelmi
1320 2745 1495 2831 Musgrave
1508 2767 1567 2831 per
1581 2747 1754 2810 servicium

305 2965 469 3030 Robertue
484 2965 617 3029 Wamer
631 2969 722 3030 tenet
737 2965 929 3030 immediate
943 2971 1007 3032 etc.
1024 2972 1110 3030 certa
1129 2973 1232 3031 terras
1257 2973 1293 3032 et
1317 2973 1508 3032 tenementa
1531 2969 1566 3032 in
1592 2969 1755 3036 Hammon

261 3075 302 3156 ap
318 3055 467 3132 Pennana,
482 3054 521 3116 de
536 3073 599 3137 quo
614 3053 795 3136 ignoratur,
812 3073 875 3139 que
890 3074 994 3137 nuper
1011 3054 1144 3119 fuerimt
1160 3054 1318 3119 Willelmi
1334 3055 1373 3119 de
1389 3055 1491 3120 Paule
1513 3077 1569 3140 per
1583 3058 1756 3121 servicium

260 3142 306 3207 dr.
321 3140 344 3207 f.
360 3161 405 3205 m.
1220 3201 1224 3210 .

305 3253 474 3331 Katadas,
512 3253 621 3338 region
659 3253 788 3336 Anglie‚
825 3258 917 3316 tenet
952 3254 988 3316 in
1024 3255 1135 3318 dotem
1172 3258 1261 3318 certa
1297 3260 1400 3319 terras
1437 3262 1471 3319 et
1500 3262 1692 3320 tenemento
1720 3258 1756 3320 ia

262 3341 538 3419 Kmrsarsoros,
554 3360 616 3422 que
631 3359 734 3423 nuper
749 3340 883 3402 fuerunt
898 3341 1029 3404 comitis
1046 3342 1318 3425 Northamptonie
1334 3363 1390 3425 per
1404 3344 1577 3406 servicium
1591 3343 1636 3408 di.
1654 3345 1677 3406 f.
1689 3365 1734 3409 m.

305 3478 463 3542 Robertur
477 3476 588 3542 James
604 3481 694 3541 tenet
709 3475 903 3540 immediate
917 3481 979 3542 etc.
995 3485 1086 3543 certa
1101 3486 1200 3542 terrm
1214 3483 1247 3543 et
1263 3483 1451 3544 tenementa
1474 3482 1509 3542 in
1534 3480 1699 3560 Breuem,
1715 3482 1757 3544 de

262 3587 325 3650 quo
339 3567 517 3652 ignoratur,
531 3585 590 3648 per
606 3564 777 3628 servicium
791 3563 865 3649 iiij*
886 3567 990 3647 partis
1005 3565 1028 3630 f.
1047 3585 1091 3632 nr.

306 3703 410 3767 Abbas
421 3703 461 3766 de
476 3701 593 3785 Regali
611 3701 695 3764 Loco
709 3705 804 3765 tenet
817 3705 905 3764 certa
919 3705 1020 3763 terrae
1036 3703 1071 3761 et
1084 3702 1275 3762 tenemento
1299 3698 1335 3761 in
1351 3699 1602 3779 Waunanauav‚
1626 3700 1667 3764 de
1693 3720 1757 3786 quo

262 3792 441 3876 ignoratur,
456 3789 491 3853 in
506 3809 621 3872 puram
637 3787 858 3867 elemosinam,
873 3787 1076 3850 continentia
1090 3785 1136 3851 di.
1153 3784 1176 3849 f.
1192 3806 1237 3851 m.
1252 3786 1339 3850 unde
1354 3786 1452 3850 solvit
1467 3787 1618 3852 decimas.

307 3928 469 3992 Robertus
505 3925 660 3989 Andreae
696 3929 789 3988 tenet
824 3922 1018 3986 immediate
1055 3927 1119 3987 etc.
1154 3929 1244 3986 certa
1279 3935 1382 3987 terras
1418 3929 1453 3987 et
1489 3929 1678 3988 tenementa
1722 3925 1757 3987 in

263 4015 504 4084 Wannauauav
518 4012 560 4076 de
577 4032 641 4096 quo
655 4013 834 4096 ignoratur,
851 4031 909 4094 per
923 4010 1097 4074 servicium
1113 4009 1158 4075 di.
1173 4008 1196 4075 f.
1211 4031 1257 4076 m.

308 4149 491 4214 willelmus
506 4149 612 4234 Pepyr
625 4153 719 4211 tenet
733 4147 925 4212 immediate
941 4150 1004 4211 etc.
1014 4152 1104 4210 certa
1115 4151 1218 4210 terrae
1228 4153 1263 4210 et
1274 4152 1464 4211 tenementa
1473 4148 1508 4210 in
1518 4148 1758 4217 Wsunarauav

264 4238 421 4389 prpdppta,
435 4237 476 4300 de
491 4255 554 4321 quo
568 4239 749 4319 ignoratur,
762 4256 824 4318 que
840 4253 941 4318 nuper
955 4234 1088 4297 fuerunt
1110 4233 1267 4297 Iohannis
1291 4234 1364 4298 Fila
1390 4234 1480 4298 Piera
1504 4256 1560 4318 per
1585 4238 1756 4301 servicium

258 4347 286 4408 J.
318 4376 326 4392 .
379 4375 387 4390 .

308 4437 410 4500 Heres
425 4435 529 4498 Alicio
543 4434 584 4497 de
600 4433 712 4497 Insula
726 4436 818 4496 tenet
832 4433 1023 4496 immediate
1039 4437 1102 4496 etc.
1119 4437 1207 4496 certa
1223 4435 1325 4495 terras
1340 4439 1375 4496 et
1397 4439 1586 4496 tenemento
1611 4436 1645 4497 in
1674 4436 1758 4514 Oua,

264 4525 384 4607 dequo
400 4525 658 4607 ignoratamque
674 4540 775 4604 nuper
790 4520 920 4583 fuerunt
935 4519 1082 4602 predicte
1099 4519 1202 4583 Alicie
1217 4540 1274 4602 per
1288 4521 1457 4583 servicium
1474 4521 1520 4584 di.
1537 4521 1560 4582 i.
1578 4541 1621 4586 m.

306 4659 402 4724 Nulle
418 4659 480 4723 elie
495 4677 628 4742 persone
642 4658 711 4721 sive
726 4660 879 4721 tenentes
893 4667 954 4722 etc.
975 4661 1023 4734 (aa
1037 4656 1165 4739 before).

561 4876 752 4942 Huunaam
774 4895 817 4939 aa
840 4873 1035 4942 PERITON
1058 4895 1099 4939 aa
1121 4895 1267 4941 saroaun
1289 4874 1377 4961 ijm
1395 4877 1477 4954 (sic).

310 5015 489 5100 Inquisioio
512 5019 608 5096 capta
632 5011 721 5095 apud
744 5010 949 5096 Watlington
976 5010 1090 5094 xxviij.
1117 5009 1170 5074 die
1194 5011 1278 5076 Maii
1302 5033 1388 5076 anno
1410 5016 1501 5099 regni
1525 5016 1610 5100 regia
1625 5015 1759 5080 Henrici

266 5103 351 5166 sexti
365 5102 425 5186 vij⁰
445 5120 552 5164 coram
567 5099 707 5164 Ricardc
721 5097 863 5182 Pippard
877 5103 939 5163 etc.
959 5102 1005 5177 (os
1022 5098 1135 5181 before)
1153 5118 1209 5181 per
1222 5104 1459 5164 sacramentum
1473 5106 1536 5167 etc.

307 5269 427 5334 Omnes
442 5288 577 5354 persone
591 5268 624 5332 in
642 5269 709 5333 ieta
722 5266 937 5355 inquisicione
952 5265 1120 5330 nominate
1134 5271 1197 5331 etc.
1216 5271 1264 5346 (aa
1279 5268 1393 5351 before)
1406 5289 1460 5331 :-

308 5405 413 5470 Abbas
438 5407 479 5470 de
504 5403 628 5470 'l'hame
653 5409 748 5469 tenet
772 5404 808 5467 in
834 5423 949 5487 puram
972 5402 1184 5467 elemosinam
1207 5409 1297 5468 certa
1322 5410 1426 5469 terras
1449 5410 1484 5470 et
1507 5410 1694 5470 tenementa
1722 5409 1758 5469 ln

266 5495 459 5574 Sannum,
477 5493 680 5558 continentia
694 5494 739 5557 di.
756 5491 778 5555 f.
794 5512 840 5558 m.
855 5490 942 5554 unde
960 5488 1057 5552 solvit
1072 5489 1224 5557 decimas.
