4117 6209
921 711 1003 779 Ab.
1027 714 1123 780 1346.
1524 802 1532 816 .
1699 714 1763 781 me

303 994 352 1058 De
369 996 494 1062 Thema
508 998 548 1062 de
563 997 753 1085 Middeluye
767 1020 824 1084 pro
838 1006 954 1068 oeieve
967 1005 1060 1088 parte
1075 1021 1132 1066 un.
1148 1002 1172 1068 i.
1189 1003 1224 1066 in
1249 1003 1387 1066 '1¹11de
1411 1021 1511 1087 quem
1535 998 1698 1063 Henricue
1720 998 1761 1063 de

262 1081 487 1169 Wolievynton
502 1087 665 1169 quondam
680 1089 789 1153 tenuit
803 1089 927 1155 ibidem
987 1121 1608 1143 ·······
1696 1107 1728 1152 v.
1734 1109 1760 1152 e.

304 1238 352 1302 De
366 1238 387 1302 J
389 1238 514 1304 ohanne
531 1240 630 1305 Lovel
645 1262 703 1325 pro
717 1247 832 1326 quarta
848 1248 940 1327 petie
954 1264 1010 1308 un.
1021 1244 1046 1310 f.
1058 1244 1092 1306 in
1106 1244 1223 1311 Nomen
1235 1242 1400 1312 Ommdon
1415 1261 1513 1327 quam
1528 1261 1584 1304 rex
1599 1240 1760 1326 quondam

260 1328 368 1391 tenuit
383 1328 505 1391 ratione
520 1328 655 1392 minoris
670 1332 769 1394 etatis
784 1329 909 1395 heredis
925 1330 1071 1415 Philippi
1086 1329 1209 1396 Bumel
1291 1369 1303 1381 -
1393 1370 1404 1381 -
1494 1369 1505 1381 ·
1595 1368 1606 1378 -
1694 1346 1760 1393 me.

303 1480 352 1545 De
377 1478 526 1545 Johanne
549 1482 761 1568 Trevaygnon
787 1487 822 1548 ei
847 1482 952 1548 David
978 1482 1124 1548 Huniele
1147 1503 1204 1567 pro
1229 1486 1346 1567 quarta
1370 1486 1465 1566 parte
1491 1500 1547 1546 un.
1564 1481 1588 1545 f.
1604 1480 1641 1544 in
1669 1480 1763 1547 Ovem

260 1568 396 1634 Addidi
411 1568 446 1631 in
460 1570 587 1654 noeagio
601 1571 687 1655 quod
703 1571 810 1635 Hemo
824 1571 866 1635 de
880 1569 1000 1635 Ateber
1013 1571 1180 1654 quendem
1196 1571 1308 1635 tenuit
1322 1571 1356 1633 in
1372 1569 1501 1653 eoeagio
1515 1568 1639 1632 ibidem
1697 1590 1762 1634 me.

305 1719 353 1784 De
367 1720 493 1806 Regem
507 1721 645 1785 Goleien
660 1729 695 1786 et·
709 1721 834 1788 Tbome
844 1723 886 1788 de
897 1722 1064 1808 Midelnye
1078 1744 1136 1807 pro
1147 1727 1260 1788 octava
1272 1726 1364 1806 parte
1375 1741 1431 1787 un.
1444 1720 1467 1787 f.
1476 1723 1514 1785 in
1524 1722 1762 1790 Wssbssmnm

260 1827 358 1891 quam
371 1807 393 1872 J
395 1805 536 1873 ohannes
551 1808 720 1893 Peytevyn
735 1811 900 1896 quondam
914 1811 1026 1876 tenuit
1041 1811 1168 1875 ibidem
1192 1848 1608 1863 -----
1695 1827 1761 1874 me.

305 1960 353 2025 De
368 1960 518 2026 Johenne
532 1963 697 2048 Teysaunt
711 1984 769 2047 pro
784 1968 897 2029 octava
912 1968 1003 2049 parte
1017 1984 1075 2032 un.
1092 1963 1116 2031 f.
1132 1966 1167 2028 in
1193 1962 1400 2031 Hebesmmd
1425 1982 1523 2048 quem
1548 1960 1694 2045 Rogerue
1719 1960 1761 2023 de

262 2048 399 2131 Heydon
415 2050 579 2132 quondam
594 2052 704 2116 tenuit
718 2052 842 2116 ibidem
887 2088 1609 2107 --------
1696 2069 1762 2114 m.

571 2203 737 2305 feodoium
748 2204 846 2290 2-vj.
862 2204 886 2269 f.
903 2203 1071 2307 viiij&
1081 2201 1194 2355 gvj).
1214 2223 1287 2287 pare
1303 2222 1358 2269 un.
1373 2201 1398 2269 f.
1413 2222 1460 2269 m.
1476 2200 1609 2285 integri.

571 2291 778 2356 denariorum
788 2293 941 2379 z—m1.b.
957 2312 1062 2381 vum.
1079 2313 1141 2378 mJ.
1175 2340 1183 2357 .

778 2611 999 2679 Hmimmnmi
1022 2632 1066 2677 ne
1090 2609 1251 2680 GOKER.

307 2745 356 2809 De
385 2746 530 2810 Waltero
559 2746 601 2809 de
633 2744 871 2831 Oberbampton
896 2769 954 2832 pro
983 2769 1041 2812 un.
1064 2750 1088 2814 f.
1118 2749 1155 2812 in
1184 2748 1414 2817 Hmnmamu
1444 2753 1481 2813 ei
1509 2748 1652 2815 Melissa
1678 2745 1763 2830 quod

263 2831 427 2897 Johennee
441 2834 481 2897 de
497 2834 675 2899 Mandevill
691 2836 853 2918 quondam
867 2836 976 2901 tenuit
990 2835 1114 2900 ibidem
1182 2875 1194 2888 -
1283 2876 1294 2887 -
1384 2841 1403 2888 -'
1485 2877 1497 2889 -
1586 2875 1598 2888 -
1685 2834 1764 2900 xie.

308 2985 357 3049 De
386 2985 528 3073 Hugone
557 2987 597 3051 de
627 2986 809 3071 courtenay
833 3008 891 3071 pro
914 3008 970 3055 un.
997 2988 1021 3054 f.
1042 2989 1084 3052 in
1113 2988 1183 3055 Eeb
1213 2987 1328 3056 Gom
1348 2992 1385 3053 et
1409 2987 1511 3057 Weei
1541 2987 1655 3055 Come
1678 2985 1766 3071 quod

263 3073 286 3135 J
287 3074 426 3137 ohannes
440 3074 480 3138 de
496 3073 676 3139 Mandevill
690 3077 855 3162 quondam
872 3076 982 3140 tenuit
996 3075 1122 3139 ibidem
1181 3109 1600 3139 -----
1686 3073 1765 3139 xie.

308 3225 357 3288 De
382 3223 532 3291 Johenne
561 3226 718 3291 Dommer
746 3247 805 3311 pro
834 3248 933 3312 parvo
961 3247 1017 3292 un.
1043 3228 1068 3295 f.
1094 3228 1130 3291 in
1160 3228 1278 3294 Penne
1307 3228 1394 3313 quod
1417 3226 1583 3293 Johennee
1613 3227 1767 3292 Dommer

266 3314 429 3396 quondam
442 3316 551 3379 tenuit
566 3313 690 3378 ibidem
785 3350 1512 3367 --------
1597 3314 1765 3402 iimarce.

310 3466 358 3530 De
375 3466 540 3531 Willelmo
554 3468 594 3531 de
618 3467 791 3552 Byngbam
813 3487 871 3550 pro
896 3466 921 3553 j
937 3466 961 3532 f.
988 3467 1024 3529 in
1053 3466 1183 3536 Simon
1206 3466 1293 3552 quod
1319 3465 1504 3531 Willelmue
1530 3468 1571 3533 de
1595 3465 1768 3553 Byngbam

266 3553 427 3638 quondam
443 3555 552 3619 tenuit
567 3553 690 3619 ibidem
780 3594 1600 3607 ·········
1688 3554 1766 3621 xie.

815 3704 982 3771 feodorum
993 3703 1097 3793 2-iij.
1113 3706 1138 3773 i.
1152 3727 1199 3774 m.
1215 3705 1356 3790 integre.

815 3794 1021 3859 denariorum
1032 3792 1130 3878 e—vj.
1138 3795 1173 3860 li.

815 3880 983 3946 feodorum
998 3901 1098 3966 parve
1115 3884 1184 3961 (eie)
1197 3879 1274 3967 t-j.
1290 3880 1314 3946 i.

815 3970 1022 4034 denariorum
1031 3968 1206 4057 ΗΜΛ.
1222 3966 1332 4055 viiid.

655 3836 790 3902 Summa

598 4275 821 4341 Humanum
844 4294 888 4341 im
913 4272 1154 4343 SOMERTON
1177 4272 1443 4342 FORINSEOO.

312 4429 360 4493 De
375 4428 520 4493 Roberto
534 4426 603 4491 filio
617 4427 744 4512 Pagani
760 4447 819 4511 pro
833 4428 879 4493 di.
891 4428 915 4493 f.
927 4428 964 4492 in
980 4428 1181 4495 Onememd
1196 4431 1232 4491 ei
1247 4426 1496 4493 Beiemmon
1512 4424 1597 4509 quod
1612 4424 1771 4489 Robertue

268 4516 354 4581 filiue
370 4516 493 4602 Pageni
507 4515 671 4600 quondam
686 4516 795 4580 tenuit
809 4515 933 4579 ibidem
979 4550 1595 4569 ·······
1683 4534 1769 4579 κω.

312 4669 359 4733 De
385 4669 558 4753 Redulpbo
582 4668 623 4732 de
648 4668 756 4753 Horey
782 4689 841 4752 pro
864 4668 910 4733 di.
929 4666 953 4734 f.
978 4667 1013 4729 in
1042 4666 1244 4735 candidiori
1271 4663 1358 4749 quod
1382 4662 1570 4727 Willeimue
1595 4663 1637 4728 de
1662 4664 1770 4749 Horey

271 4758 433 4842 quondam
450 4758 560 4822 tenuit
575 4755 699 4820 ibidem
774 4790 1597 4808 ·········
1685 4773 1769 4818 ω.

312 4910 361 4975 De
375 4911 396 4976 J
398 4911 524 4975 ohanne
540 4911 580 4974 de
595 4910 750 4973 detonet
766 4908 787 4973 J
789 4906 916 4973 ohanne
930 4907 971 4971 de
987 4905 1151 4991 Glyvedon
1167 4925 1224 4989 pro
1239 4925 1294 4969 un.
1309 4904 1334 4971 f.
1350 4906 1386 4968 in
1398 4905 1492 4971 Amne
1506 4905 1593 4990 quod
1608 4902 1772 4970 Johennee

270 4999 311 5062 de
326 4999 432 5063 Acten
448 5002 484 5063 et
498 4995 655 5061 Metbeue
670 4996 710 5061 de
725 4994 888 5081 Clyvedon
903 4995 1068 5079 quondam
1083 4997 1262 5074 tenuerunt
1276 4993 1401 5059 ibidem
1491 5032 1502 5044 -
1592 5031 1603 5044 -
1691 4994 1770 5059 xie.

315 5153 363 5218 De
388 5151 574 5239 Regineldo
598 5152 710 5215 Husee
733 5169 792 5234 pro
816 5149 862 5216 di.
878 5147 902 5215 f.
929 5147 964 5212 in
993 5147 1122 5216 Somou
1148 5145 1236 5231 quod
1262 5145 1449 5211 Willelmue
1476 5144 1586 5210 Hueee
1609 5144 1772 5231 quondam

273 5244 381 5305 tenuit
394 5239 517 5305 ibidem
575 5270 1600 5291 ···········
1687 5252 1772 5298 ιω.

253 5464 257 5473 ,
314 5397 364 5462 De
376 5395 501 5460 Thome
515 5390 644 5477 Fyeheb
659 5412 716 5476 pro
730 5394 847 5476 quarte
860 5393 953 5475 perte
967 5410 1024 5455 un.
1041 5389 1066 5457 i.
1082 5390 1117 5453 in
1134 5388 1311 5455 Leimon
1335 5386 1371 5451 in
1397 5386 1528 5469 eoeegio
1551 5404 1649 5467 quam
1674 5386 1773 5473 Hugo

270 5483 399 5569 chbei
412 5481 577 5569 quondam
594 5481 702 5545 tenuit
718 5479 753 5544 in
769 5479 898 5563 socegio
912 5477 1036 5541 ibidem
1097 5516 1109 5529 ·
1200 5514 1211 5528 ·
1255 5532 1259 5538 .
1301 5514 1313 5525 -
1402 5513 1414 5525 ·
1503 5510 1515 5525 ·
1604 5511 1617 5527 ·
1706 5494 1771 5539 me.
