4117 6209
297 657 363 722 428
544 711 549 720 .
929 656 1182 731 SOMEBSET.

340 937 523 1013 willelmus
545 948 702 1028 Bonevill,
724 950 877 1032 chivaler,
900 954 941 1017 de
964 952 1064 1017 Shete
1086 956 1121 1018 in
1143 956 1303 1019 comitatu
1326 954 1479 1032 Devonie,
1496 954 1561 1017 fuit
1584 953 1714 1017 saisitus
1736 956 1799 1016 etc.

297 1031 337 1095 de
360 1036 503 1099 manerio
527 1035 565 1099 de
589 1038 732 1103 Manrsr
747 1060 820 1102 curn
837 1043 1046 1124 pertinenciis
1061 1044 1137 1121 suis,
1154 1048 1188 1105 et
1202 1043 1285 1106 illud
1302 1044 1483 1105 manerium
1500 1062 1574 1105 cum
1590 1038 1803 1123 pertinenciis

298 1120 364 1183 suis
379 1124 486 1185 tenuit
500 1144 558 1207 per
573 1127 744 1189 servicium
760 1139 877 1210 quarte
894 1132 993 1211 partis
1007 1130 1032 1213 j.
1048 1129 1071 1194 f.
1087 1152 1133 1195 m.

341 1258 524 1326 Willelmus
547 1260 668 1325 Porrlet
689 1264 729 1326 de
754 1265 886 1328 Henton
910 1264 1022 1327 Sancti
1046 1266 1181 1350 Georgii
1205 1268 1239 1328 in
1262 1269 1419 1330 comitatu
1443 1265 1638 1341 Somernete,
1652 1266 1801 1350 armiger,

191 1406 194 1410 ,
297 1352 331 1407 et
353 1347 537 1412 Willelmus
559 1348 676 1413 Carent
699 1352 740 1413 de
763 1352 879 1415 'l'omer
901 1355 934 1413 in
957 1354 1071 1416 eodem
1093 1356 1263 1431 comitatu,
1281 1356 1433 1438 armiger,
1451 1354 1585 1417 fuerunt
1608 1354 1710 1417 scisiti
1735 1360 1798 1416 etc.

297 1435 338 1496 de
361 1435 504 1498 manerio
525 1437 566 1498 de
579 1437 722 1503 Hannon
740 1439 859 1505 saron
875 1440 1019 1506 Gsoscn
1035 1462 1108 1503 cnm
1132 1442 1197 1503 suis
1220 1442 1440 1524 pertinenciis,
1457 1449 1492 1504 et
1514 1442 1594 1503 illud
1618 1441 1800 1503 manerium

296 1542 371 1584 cnm
387 1523 452 1585 suis
467 1524 678 1605 pertinenciis
694 1533 875 1590 tenuerunt
890 1548 947 1611 per
962 1528 1135 1591 servicium
1152 1536 1266 1612 quarte
1281 1530 1383 1611 partis
1397 1528 1421 1613 j.
1437 1529 1461 1593 l.
1478 1550 1523 1593 m.

342 1660 542 1743 Reginaldus
567 1664 649 1740 (sic),
674 1663 827 1726 dominus
849 1665 890 1728 de
913 1664 944 1727 la
966 1666 1073 1744 Ware,
1094 1666 1236 1729 existens
1262 1668 1295 1728 in
1330 1668 1476 1750 partibus
1507 1666 1731 1729 transmarinis
1764 1665 1798 1726 in

297 1750 453 1811 comitiva
474 1747 599 1811 domini
621 1752 718 1835 regis,
741 1752 806 1813 fuit
829 1753 959 1815 seisitus
982 1759 1045 1817 etc.
1069 1754 1108 1815 de
1131 1754 1276 1817 manerio
1297 1755 1337 1817 de
1361 1754 1478 1819 Nonas
1502 1753 1625 1831 Passa,
1649 1758 1682 1815 et
1716 1751 1798 1814 illud

293 1836 479 1936 ‘manerium
501 1856 575 1987 olum
600 1840 806 1920 pertinenciis
837 1841 903 1902 suis
936 1841 1047 1902 tenuit
1073 1843 1109 1901 in
1137 1842 1266 1925 socagio
1293 1850 1326 1904 et
1355 1842 1442 1905 valet
1475 1862 1531 1924 per
1561 1861 1684 1903 annum
1714 1838 1800 1901 ultra

298 1943 453 2005 reprrsam
468 1944 499 1987 x.
522 1947 544 1989 r.

340 2058 517 2135 lohannes,
546 2060 697 2124 dominus
727 2062 767 2125 de
801 2062 901 2144 Grey,
933 2064 1078 2126 existens
1110 2066 1144 2126 in
1179 2062 1323 2147 hospicio
1354 2064 1446 2128 ducis
1484 2064 1696 2141 Gloucestrie,
1734 2062 1800 2125 fuit

296 2148 426 2210 seisitus
448 2154 512 2212 etc.
537 2149 576 2209 de
600 2151 745 2211 manerio
767 2150 808 2213 de
831 2151 1031 2215 Hasstsanrr
1055 2152 1286 2229 Ptn)0urrsrrsr
1317 2174 1391 2215 cum
1426 2152 1637 2235 pertinenciis
1667 2150 1734 2214 suis
1767 2156 1801 2215 et

297 2234 379 2297 illud
394 2235 576 2297 manerium
593 2257 666 2297 cum
682 2238 749 2299 snis
763 2239 973 2319 pertinenciis
990 2239 1100 2302 tenuit
1115 2259 1172 2321 per
1187 2240 1358 2303 servicium
1374 2241 1562 2302 medietatis
1577 2240 1601 2324 j.
1618 2240 1641 2303 l.
1656 2260 1702 2303 m.

344 2372 538 2435 Humfridus
561 2371 714 2451 stafford,
738 2373 843 2453 miles,
866 2374 908 2439 de
931 2375 1025 2438 Holre
1047 2378 1081 2438 in
1105 2378 1265 2439 comitatu
1287 2377 1433 2456 Dorsete,
1450 2377 1513 2440 luit
1537 2378 1666 2441 seisitus
1682 2384 1744 2441 etc.
1761 2376 1800 2440 de

299 2463 440 2522 manerio
463 2460 502 2521 de
525 2460 671 2525 llrnnrrn
694 2462 856 2527 Garunna
877 2462 992 2529 Bam
1014 2484 1088 2525 cum
1112 2465 1178 2526 suis
1201 2464 1423 2547 pertinenciis,
1445 2473 1477 2527 et
1504 2464 1588 2527 illud
1619 2466 1799 2528 manerium

298 2568 373 2609 cum
388 2550 455 2609 suis
469 2548 679 2629 pertinenciis
694 2551 803 2611 tenuit
818 2570 876 2632 per
891 2552 1063 2613 servicium
1080 2552 1268 2615 medietatis
1283 2552 1307 2635 j.
1325 2554 1347 2615 f.
1363 2574 1408 2617 m.

341 2682 517 2760 lohannes,
539 2684 707 2765 episcopus
731 2683 957 2747 Bathcniensis
979 2695 1013 2748 et
1037 2686 1219 2763 Wellensis,
1237 2686 1332 2771 Hugo
1355 2686 1447 2750 Kene
1469 2688 1509 2748 de
1531 2684 1670 2765 Mertolr,
1687 2694 1721 2748 et
1743 2684 1800 2748 alii

299 2771 423 2837 fooffati
458 2770 626 2832 Humlridi
659 2770 811 2847 Statiord,
842 2772 970 2848 militis,
996 2770 1129 2836 fuerunt
1162 2774 1268 2837 seisiti
1299 2784 1364 2838 etc.
1397 2774 1436 2837 de
1470 2776 1613 2837 manerio
1635 2774 1676 2837 de
1699 2774 1799 2839 Wsss

300 2862 460 2929 damnor
474 2878 548 2919 cum
563 2859 630 2919 suis
646 2859 864 2939 pertinenciis,
878 2868 913 2922 et
927 2859 1010 2922 illud
1026 2862 1206 2923 manerium
1221 2882 1295 2924 cum
1311 2862 1378 2923 suis
1395 2861 1608 2944 pertinenciis
1623 2866 1801 2925 tenuerunt

299 2969 357 3032 per
372 2944 543 3008 servicium
559 2946 747 3007 medietatis
762 2946 786 3030 j.
802 2946 825 3009 f.
842 2967 888 3011 m.

343 3081 526 3143 Manerium
547 3080 588 3142 de
611 3080 859 3146 Caesarienses
884 3084 1015 3144 tenetur
1037 3102 1093 3165 per
1115 3083 1286 3145 servicium
1309 3083 1496 3147 medietatis
1527 3085 1552 3169 j.
1577 3084 1599 3147 f.
1623 3106 1668 3149 m.
1692 3090 1727 3146 et
1749 3088 1801 3145 est

300 3170 335 3232 in
350 3188 450 3231 manu
465 3168 589 3231 domini
605 3168 704 3253 regis.

341 3306 492 3383 Thomas,
525 3325 633 3369 comes
666 3303 865 3382 Suthfollrie,
894 3308 1037 3371 existens
1068 3308 1104 3369 in
1141 3309 1286 3391 partibus
1323 3310 1544 3372 transmarinis
1576 3310 1610 3373 in
1648 3309 1802 3372 comitiva

300 3396 424 3458 domini
446 3394 531 3477 regis
553 3393 618 3455 luit
640 3394 770 3455 seisitns
793 3401 856 3458 etc.
871 3394 912 3457 de
934 3399 1077 3458 manerio
1099 3394 1139 3459 de
1162 3397 1296 3463 Nonacri
1320 3418 1442 3462 suasus
1464 3396 1644 3475 Himeros,
1662 3404 1696 3459 et
1718 3395 1800 3459 illud

300 3482 481 3545 manerium
497 3502 572 3543 cum
588 3481 656 3546 suis
671 3482 881 3563 pertinenciis
896 3482 1003 3544 tenuit
1017 3502 1074 3565 per
1089 3485 1260 3547 servicium
1276 3483 1464 3547 medietatis
1478 3484 1503 3570 j.
1521 3483 1543 3549 f.
1559 3506 1603 3550 m.

344 3615 520 3695 Johannes‚
542 3638 648 3681 comes
673 3618 935 3701 Huntyngtonie,
957 3618 1109 3682 dominus
1131 3619 1171 3682 de
1195 3620 1226 3683 la
1250 3619 1384 3697 Souche,
1405 3624 1438 3681 et
1461 3618 1646 3684 Willelmus
1669 3619 1801 3697 Porvlet,

301 3706 342 3769 de
365 3704 545 3769 Melcombe
565 3706 600 3768 in
623 3704 780 3767 comitatu
796 3703 989 3783 Somersete,
1004 3706 1156 3790 armiger,
1173 3706 1305 3771 fuerunt
1327 3706 1433 3770 seisiti
1454 3714 1518 3773 etc.
1535 3706 1575 3770 de
1596 3706 1740 3769 manerio
1761 3706 1802 3769 de

302 3793 481 3861 Osscorrns
512 3813 587 3855 cum
618 3792 683 3854 suis
714 3792 934 3873 pertinenciis,
968 3802 1001 3855 et
1039 3793 1119 3857 illud
1159 3796 1341 3857 manerium
1376 3813 1451 3856 cum
1489 3795 1554 3857 suis
1592 3793 1803 3878 pertinenciis

302 3886 481 3944 tenuerunt
494 3901 552 3963 per
567 3879 739 3941 servicium
756 3879 942 3943 medietatis
957 3880 981 3966 j.
998 3880 1021 3945 f.
1037 3903 1083 3946 m.

291 4010 297 4019 ’
347 4018 386 4081 In
401 4017 493 4104 cujus
508 4016 554 4080 rei
569 4022 632 4081 etc.

584 4329 790 4419 [Hennaeus
812 4355 856 4400 nn
881 4334 1123 4403 SOMERTON
1147 4358 1188 4401 nr
1211 4332 1527 4420 classensem]

346 4495 524 4580 Inquisioio
546 4500 642 4577 capta
664 4496 751 4578 apud
767 4495 996 4560 Yevelchestre
1015 4505 1079 4564 etc.
1100 4503 1147 4577 (os
1163 4500 1288 4580 before),
1305 4518 1361 4580 per
1382 4502 1621 4561 sacramentum
1644 4496 1803 4561 Johannis

304 4586 522 4668 Lymyngton,
543 4582 701 4645 Johannis
725 4583 875 4661 Milborn,
899 4584 1058 4649 iohannis
1091 4585 1210 4670 Bailly,
1232 4584 1390 4649 Johannis
1428 4584 1620 4668 Brympton,
1644 4583 1803 4648 Johannis

304 4672 425 4749 lrlond,
441 4671 563 4733 Thome
579 4669 727 4755 Knygtb,
740 4670 872 4734 Henrici
889 4671 1087 4757 Chepeman,
1099 4674 1231 4737 Roberti
1248 4672 1413 4751 Cammell,
1424 4671 1583 4735 lobannis
1600 4673 1801 4752 Lottesham,

303 4759 462 4823 Johannis
477 4758 603 4843 Wayte‚
618 4756 753 4820 Boberti
769 4756 879 4841 Bryne,
894 4769 930 4822 et
946 4760 1082 4823 Henrici
1097 4758 1212 4834 Baker,
1228 4760 1284 4844 qui
1300 4760 1414 4822 dicunt
1429 4768 1492 4825 eto.
1510 4760 1593 4843 quod
1605 4784 1659 4824 :-

347 4932 537 5015 Radulphus
571 4930 697 4994 Busslre
728 4931 769 4995 de
798 4932 955 4995 Caundell
977 4932 1118 4998 Haddon
1148 4935 1182 4997 in
1216 4934 1376 4995 comitatu
1398 4932 1542 5011 Derecto,
1564 4935 1714 5017 armiger,
1739 4933 1803 4998 luit

304 5022 433 5085 seisitus
456 5028 520 5085 etc.
536 5019 577 5081 de
593 5020 736 5082 manerio
751 5018 792 5082 de
808 5020 986 5085 Purranra
1001 5021 1221 5085 Prorussors
1243 5040 1318 5083 cum
1341 5022 1407 5083 suis
1429 5022 1652 5105 pertinenciis,
1664 5028 1698 5085 at
1720 5021 1803 5085 illud

303 5108 488 5173 manerium
504 5126 576 5169 cum
593 5106 661 5170 suis
676 5107 891 5188 pertinenciis
906 5108 1015 5169 tenuit
1029 5127 1086 5190 per
1101 5110 1271 5171 servicium
1285 5108 1411 5172 decime
1427 5110 1527 5191 partis
1541 5109 1566 5193 j.
1581 5107 1604 5172 f.
1620 5130 1666 5173 m.

347 5268 542 5346 Willelmns,
558 5268 708 5331 dominus
730 5267 770 5330 de
794 5265 967 5343 Botreaux,
982 5268 1022 5333 de
1039 5270 1113 5333 Alre
1136 5270 1170 5332 in
1194 5271 1354 5333 comitatu
1376 5270 1570 5348 Snmersetrr,
1586 5268 1651 5331 fuit
1673 5269 1805 5335 scisitus

303 5364 367 5421 eto.
390 5358 432 5421 de
453 5356 599 5419 manerio
621 5354 662 5417 de
685 5355 778 5419 Anas
801 5374 875 5415 curn
898 5358 1113 5438 pertinenciis
1136 5360 1216 5435 suis,
1238 5366 1272 5421 et
1305 5356 1389 5421 illud
1421 5359 1603 5421 manerium
1636 5376 1711 5420 cum
1737 5360 1805 5421 suis

303 5444 514 5528 pertinenciis
530 5441 639 5505 tenuit
655 5461 708 5524 per
724 5442 896 5505 servicium
912 5454 1028 5524 quarte
1044 5446 1147 5529 partis
1162 5446 1187 5531 j.
1205 5450 1228 5507 l.
1244 5467 1290 5511 m.
1777 5462 1782 5473 ·
