4117 6209
277 657 339 718 24ss
955 655 1107 724 SALOP.

323 948 428 1030 Alyna
443 947 564 1011 Burnel
580 953 673 1012 tenet
687 947 783 1015 Hom
799 949 955 1016 Boums
970 969 1027 1033 pro
1043 946 1088 1013 di.
1104 946 1128 1012 f.
1144 946 1231 1031 quod
1247 943 1436 1029 Stephanus
1451 946 1491 1007 de
1507 944 1601 1026 Hope
1616 943 1781 1026 quondam

279 1036 385 1098 tenuit
401 1035 440 1097 de
455 1034 549 1098 feodo
562 1035 603 1100 de
618 1032 809 1121 CanielupO.

323 1171 469 1256 Rogerus
485 1171 600 1237 Corbei
615 1173 656 1236 de
674 1174 821 1257 Hadleye
835 1178 870 1238 ei
896 1173 1074 1257 participes
1098 1173 1150 1236 sui
1176 1173 1290 1236 tenent
1316 1169 1440 1236 Hunni-1
1466 1188 1567 1235 mm
1593 1169 1779 1235 Euenum

278 1279 336 1343 pro
351 1260 394 1322 di.
410 1259 433 1324 f.
449 1261 535 1342 quod
551 1260 710 1324 Henricus
726 1261 868 1326 Hubaud
884 1261 1047 1346 quondam
1062 1261 1172 1324 tenuit
1187 1259 1228 1324 de
1242 1257 1337 1321 feodo
1352 1258 1392 1322 de
1408 1256 1583 1341 Stoievyle.

324 1395 483 1460 Kmetroi
499 1400 533 1458 et
547 1395 683 1462 Nomou
700 1400 855 1458 tenentur
870 1395 910 1459 de
925 1415 1002 1479 rege
1018 1396 1072 1459 i.c.
1088 1415 1145 1478 pro
1155 1392 1183 1478 j.
1198 1394 1222 1459 f.
1239 1398 1274 1457 et
1296 1397 1345 1456 est
1370 1393 1407 1456 in
1430 1409 1531 1455 manu
1556 1387 1683 1454 domini
1698 1387 1782 1472 regis

279 1482 357 1564 quia
372 1481 516 1566 Rogerus
532 1482 572 1545 de
587 1482 719 1546 Mortuo
735 1483 819 1546 Mari
835 1489 885 1547 esi
900 1483 985 1546 infra
999 1487 1134 1546 etatem.

323 1619 344 1681 J
346 1618 486 1682 ohannes
501 1618 588 1682 filius
603 1619 762 1683 Willelmi
778 1620 819 1682 de
834 1620 927 1703 Hope
944 1623 978 1682 ei
1003 1619 1177 1703 participes
1202 1617 1254 1680 sui
1280 1621 1396 1680 tenent
1421 1616 1551 1684 Simon
1575 1614 1615 1678 de
1637 1633 1714 1698 rege
1728 1613 1780 1677 ic.

279 1728 334 1789 per
349 1707 537 1792 serjantiam
553 1705 685 1770 Osberii
700 1708 740 1770 de
757 1705 877 1772 sutton
892 1728 949 1790 pro
964 1707 1131 1770 uicesima
1146 1710 1238 1788 parte
1253 1705 1277 1790 j.
1294 1705 1317 1766 f.
1332 1726 1378 1769 m.

323 1843 466 1926 Rogerus
481 1844 521 1906 de
538 1843 751 1927 Pedewardyn
767 1850 858 1907 tenet
873 1845 1106 1910 Pinawmm
1122 1841 1163 1904 de
1179 1839 1321 1904 Roberto
1332 1839 1373 1902 de
1385 1839 1526 1921 Harleye
1541 1857 1599 1921 pro
1611 1837 1668 1922 vj¹0
1688 1841 1781 1920 parte

278 1933 302 2018 j.
319 1932 341 1994 f.
358 1931 442 2016 quod
459 1931 603 2016 Rogerus
619 1932 659 1994 de
675 1931 892 2013 Pedewardyn
908 1932 1070 2016 quondam
1086 1931 1196 1992 tenuit
1212 1928 1253 1990 de
1270 1926 1389 1990 Brinno
1404 1925 1444 1988 de
1460 1925 1627 1990 Bromton.

323 2067 368 2128 Et
383 2068 497 2132 dicunt
511 2072 573 2134 ete.
590 2069 643 2152 (as
659 2068 786 2150 before).

661 2383 827 2450 Lmnnus
849 2404 892 2449 mi
916 2383 1125 2451 GLEBURY
1147 2382 1398 2452 MORTIMER.

326 2544 501 2627 Inquisicio
517 2549 613 2626 capia
626 2544 713 2627 apud
729 2542 865 2627 Clebury
882 2544 1053 2608 Moriimer
1068 2545 1121 2608 die
1137 2544 1230 2608 Lune
1252 2544 1398 2626 proxima
1424 2546 1497 2626 post
1522 2541 1643 2606 festum
1670 2541 1781 2606 Sancti

281 2632 397 2707 Cedde,
414 2633 567 2714 episcopi,
582 2637 644 2694 etc.
663 2641 711 2710 (as
728 2632 855 2714 before),
870 2652 928 2715 per
944 2636 1182 2694 sacramentum
1197 2630 1319 2693 Thome
1334 2630 1374 2693 de
1389 2629 1543 2706 Doditon,
1567 2627 1728 2693 Johannis
1742 2631 1781 2695 de

282 2719 434 2801 Malleye‚
465 2717 633 2781 Willelmi·
658 2719 697 2782 de
727 2719 892 2796 Filliiode,
922 2718 1055 2782 Ricardi
1085 2719 1126 2782 de
1156 2718 1296 2802 Hyntes,
1328 2716 1486 2779 willelmi
1514 2716 1556 2778 de
1585 2716 1780 2800 Longeleye,

283 2805 423 2868 Galiridi
450 2806 490 2868 de
515 2806 688 2888 Norgrave‚
718 2805 838 2888 Rogeri
868 2805 1093 2890 Ingguardyn‚
1123 2804 1282 2869 Johannis
1305 2803 1345 2867 de
1370 2803 1527 2881 Ardone,
1555 2800 1714 2867 Johannis
1739 2805 1781 2868 de

283 2892 467 2974 Bradeleye,
505 2891 663 2956 Johannis
699 2893 738 2956 de
776 2893 807 2955 la
835 2891 1031 2972 Wodehous,
1063 2892 1194 2956 Ricardi
1229 2892 1260 2955 le
1290 2889 1445 2974 Sexteyn‚
1474 2895 1510 2954 et
1545 2887 1703 2953 Johannis
1739 2891 1780 2956 de

285 2979 502 3066 Blakenegge,
517 2981 574 3064 qui
589 2981 703 3044 dieunt
719 3001 777 3064 per
792 2986 1029 3044 sacramentum
1045 3001 1139 3044 suum
1154 2979 1241 3064 quod
1251 3000 1305 3041 ε-
1573 3005 1577 3012 ·

235 3159 240 3169 ’
327 3167 511 3272 willelmus
526 3169 567 3232 de
585 3168 689 3248 Boun,
705 3189 812 3233 eomes
827 3170 866 3234 de
881 3169 1096 3248 Norhamion,
1111 3172 1203 3234 tenet
1219 3169 1370 3237 CIAEBURI
1385 3168 1568 3234 Momm
1582 3188 1640 3251 pro
1665 3168 1690 3254 j.
1705 3169 1728 3235 f.
1744 3168 1783 3233 de

282 3278 357 3342 rege
372 3278 430 3322 ιο.

327 3385 492 3449 Johannes
518 3386 558 3450 de
583 3385 735 3451 Atforton
761 3391 796 3449 et
821 3385 985 3450 Walierus
1010 3387 1050 3450 de
1075 3385 1337 3450 Schakenhurete
1361 3391 1477 3450 tenent
1492 3385 1589 3451 Nm
1606 3385 1734 3453 Simon
1749 3390 1784 3450 et

284 3473 520 3623 ffiffivffi
535 3474 579 3538 di.
595 3474 619 3538 f.
635 3474 722 3556 quod
748 3473 941 3558 Radulphus
965 3474 1004 3537 de
1029 3473 1062 3536 la
1086 3475 1182 3538 Lowe
1205 3472 1369 3559 quondam
1393 3472 1503 3536 tenuit
1526 3472 1566 3535 de
1589 3471 1718 3558 Rogero
1741 3473 1783 3537 de

326 3697 492 3761 iohannes
525 3697 565 3760 de
600 3695 687 3779 Seyn
719 3696 845 3782 Georgo
877 3702 969 3760 tenet
1003 3697 1100 3764 Nm
1133 3698 1261 3766 Sinon
1291 3702 1325 3759 et
1354 3696 1476 3763 Eunou
1508 3715 1565 3779 pro
1590 3694 1617 3780 j.
1642 3694 1665 3760 f.
1696 3694 1783 3780 quod

286 3785 470 3848 Willelmus
485 3785 526 3847 de
541 3784 617 3848 Sein
633 3785 763 3868 George
779 3785 944 3868 quondam
959 3787 1067 3849 tenuit
1084 3785 1124 3848 de
1139 3786 1229 3848 dieto
1244 3785 1372 3866 Rogero
1386 3785 1427 3848 de
1442 3783 1575 3847 Mortuo
1589 3783 1685 3848 Mari.

328 3920 519 3985 Edmundus
541 3922 582 3985 de
608 3920 782 3985 Cornwaile
805 3927 898 3985 tenet
920 3922 1059 3989 Rmm
1084 3943 1143 4006 pro
1165 3922 1191 4009 j.
1207 3923 1231 3987 f.
1257 3921 1346 4005 quod
1370 3921 1509 3985 Brianus
1534 3922 1575 3984 de
1603 3921 1784 4006 Brompton

285 4008 448 4096 quondam
463 4009 575 4072 tenuit
588 4007 628 4072 de
642 4009 732 4072 dicto
746 4007 885 4093 Rogero.

328 4144 513 4208 Willelmus
528 4146 569 4209 de
585 4147 690 4225 Boun,
704 4167 811 4211 comes
826 4145 1071 4227 Norhamtonie,
1088 4151 1180 4211 tenet
1194 4147 1405 4215 Humanum
1420 4165 1479 4229 pro
1494 4146 1594 4209 teroia
1607 4151 1700 4228 parte
1714 4146 1740 4233 j.
1756 4146 1782 4212 f.

285 4235 372 4386 pipp}
386 4233 547 4406 {pppppps
562 4234 602 4297 de
618 4235 777 4298 wodeton
793 4240 827 4298 et
843 4235 990 4318 Rogerus
1003 4236 1045 4300 de
1069 4234 1329 4318 Borewardeleye
1353 4233 1518 4319 quondam
1542 4238 1719 4297 innuerunt
1741 4233 1783 4297 de

329 4459 476 4544 Rogerus
499 4459 539 4522 de
564 4458 706 4524 Foxcote
729 4465 822 4523 tenet
849 4459 1062 4528 (humanm
1087 4481 1146 4543 pro
1172 4461 1218 4524 di.
1234 4461 1257 4522 f.
1273 4460 1360 4542 quod
1376 4457 1559 4523 Willelmus
1574 4458 1614 4522 de
1629 4456 1734 4522 Forde
1749 4462 1784 4522 et

286 4546 426 4611 Thomas
441 4547 481 4608 de
496 4545 674 4630 Bardeleye
689 4548 853 4631 quondam
868 4554 1048 4611 tenuerunt
1062 4547 1104 4611 de
1117 4549 1206 4611 dicto
1221 4546 1356 4631 Rogero.

330 4683 433 4746 Adam
450 4682 551 4745 Daras
565 4687 655 4746 tenet
672 4683 822 4751 Sannum
837 4688 871 4748 et
888 4685 1025 4751 Nssmou
1042 4705 1101 4769 pro
1115 4684 1153 4771 ij.
1170 4684 1194 4750 f.
1211 4705 1275 4771 que
1290 4682 1484 4768 Radulphus
1500 4681 1600 4746 Daras
1621 4681 1785 4767 quondam

286 4771 396 4834 tenuit
410 4770 451 4832 de
466 4769 555 4832 dicio
570 4769 706 4851 Rogero.

330 4906 448 4969 Petrus
464 4905 504 4967 de
520 4904 661 4970 Overton
677 4910 768 4969 tenet
785 4906 941 4975 Ovnmoii
957 4927 1032 4970 cum
1047 4907 1190 4991 quadam
1205 4913 1297 4992 parte
1312 4909 1352 4972 de
1367 4906 1488 4974 Eunou
1515 4928 1574 4990 pro
1597 4907 1642 4972 di.
1658 4906 1681 4972 f.
1698 4906 1785 4990 quod

287 4993 454 5059 Galfridus
468 4991 509 5054 de
526 4992 666 5056 Overion
681 4993 844 5075 quondam
860 4995 970 5057 tenuit
985 4995 1026 5058 de
1041 4994 1130 5058 dicio
1146 4994 1282 5079 Rogero.

330 5130 351 5194 J
353 5129 495 5193 ohannes
510 5127 551 5191 de
566 5125 721 5192 Chorltpn
737 5134 831 5192 tenet
846 5130 1075 5197 Bonzwmon
1091 5151 1149 5215 pro
1164 5132 1266 5194 tercia
1281 5135 1373 5214 parte
1396 5131 1422 5218 1'.
1438 5133 1461 5196 f.
1478 5151 1578 5214 quam
1593 5130 1731 5195 Thomas
1746 5131 1788 5195 de

288 5219 466 5300 Costaniyn
482 5216 645 5300 quondam
661 5219 768 5280 tenuit
785 5217 824 5280 de
839 5217 929 5280 dieto
944 5216 1081 5302 Rogero.

333 5355 514 5418 willelmus
529 5351 569 5416 de
585 5353 617 5416 la
632 5353 764 5437 Stepple
780 5359 874 5418 tenet
890 5353 1039 5422 simma
1055 5375 1112 5439 pro
1127 5355 1229 5418 inicia
1243 5358 1334 5437 parte
1348 5356 1374 5440 j.
1391 5356 1414 5420 f.
1430 5375 1529 5436 quam
1545 5353 1735 5439 Arnulphus
1747 5354 1788 5420 de

287 5443 407 5525 Campo
422 5439 586 5524 quondam
602 5442 711 5505 tenuit
725 5443 765 5505 de
779 5443 869 5505 dicto
883 5441 1020 5525 Rogero.
