<?xml version="1.0" encoding="UTF-8"?>
<!DOCTYPE html PUBLIC "-//W3C//DTD XHTML 1.0 Transitional//EN"
    "http://www.w3.org/TR/xhtml1/DTD/xhtml1-transitional.dtd">
<html xmlns="http://www.w3.org/1999/xhtml" xml:lang="en" lang="en">
 <head>
  <title>
</title>
<meta http-equiv="Content-Type" content="text/html;charset=utf-8" />
  <meta name='ocr-system' content='tesseract 3.04.00' />
  <meta name='ocr-capabilities' content='ocr_page ocr_carea ocr_par ocr_line ocrx_word'/>
</head>
<body>
  <div class='ocr_page' id='page_1' title='image "./inquisitionsand02offigoog_0190.png"; bbox 0 0 4117 6209; ppageno 0'>
   <div class='ocr_carea' id='block_1_1' title="bbox 276 631 1119 697">
    <p class='ocr_par' dir='ltr' id='par_1_1' title="bbox 276 631 1119 697">
     <span class='ocr_line' id='line_1_1' title="bbox 276 631 1119 697; baseline 0.001 -4"><span class='ocrx_word' id='word_1_1' title='bbox 276 631 339 697; x_wconf 75' lang='lat'>174</span> <span class='ocrx_word' id='word_1_2' title='bbox 929 631 1119 697; x_wconf 81' lang='lat' dir='ltr'>OXFORD.</span> 
     </span>
    </p>
   </div>
   <div class='ocr_carea' id='block_1_2' title="bbox 277 917 1779 1442">
    <p class='ocr_par' dir='ltr' id='par_1_2' title="bbox 277 917 1779 1442">
     <span class='ocr_line' id='line_1_2' title="bbox 321 917 1779 1007; baseline 0.001 -29"><span class='ocrx_word' id='word_1_3' title='bbox 321 917 364 979; x_wconf 77' lang='lat' dir='ltr'>nt</span> <span class='ocrx_word' id='word_1_4' title='bbox 380 927 556 982; x_wconf 87' lang='lat' dir='ltr'>onerantur</span> <span class='ocrx_word' id='word_1_5' title='bbox 570 921 610 983; x_wconf 90' lang='lat' dir='ltr'>de</span> <span class='ocrx_word' id='word_1_6' title='bbox 626 918 723 1006; x_wconf 63' lang='lat' dir='ltr'>xiid.</span> <span class='ocrx_word' id='word_1_7' title='bbox 740 923 780 983; x_wconf 87' lang='lat' dir='ltr'>de</span> <span class='ocrx_word' id='word_1_8' title='bbox 796 920 909 984; x_wconf 85' lang='lat' dir='ltr'>eodem</span> <span class='ocrx_word' id='word_1_9' title='bbox 925 921 1047 983; x_wconf 82' lang='lat' dir='ltr'>auxilio</span> <span class='ocrx_word' id='word_1_10' title='bbox 1063 923 1275 1004; x_wconf 67' lang='lat' dir='ltr'>contingente</span> <span class='ocrx_word' id='word_1_11' title='bbox 1291 930 1368 985; x_wconf 78' lang='lat' dir='ltr'>xx⁸¹¹¹</span> <span class='ocrx_word' id='word_1_12' title='bbox 1388 929 1516 1002; x_wconf 89' lang='lat' dir='ltr'>partem</span> <span class='ocrx_word' id='word_1_13' title='bbox 1539 923 1563 1007; x_wconf 84' lang='lat' dir='ltr'>j.</span> <span class='ocrx_word' id='word_1_14' title='bbox 1582 923 1603 984; x_wconf 84' lang='lat' dir='ltr'>f.</span> <span class='ocrx_word' id='word_1_15' title='bbox 1619 942 1664 986; x_wconf 91' lang='lat' dir='ltr'>m.</span> <span class='ocrx_word' id='word_1_16' title='bbox 1680 940 1737 1003; x_wconf 90' lang='lat' dir='ltr'>pro</span> <span class='ocrx_word' id='word_1_17' title='bbox 1754 918 1779 1004; x_wconf 86' lang='lat' dir='ltr'>j.</span> 
     </span>
     <span class='ocr_line' id='line_1_3' title="bbox 277 1007 1777 1093; baseline 0.003 -27"><span class='ocrx_word' id='word_1_18' title='bbox 277 1007 445 1090; x_wconf 78' lang='lat' dir='ltr'>mesuagio</span> <span class='ocrx_word' id='word_1_19' title='bbox 460 1011 494 1069; x_wconf 90' lang='lat' dir='ltr'>et</span> <span class='ocrx_word' id='word_1_20' title='bbox 509 1007 545 1092; x_wconf 88' lang='lat' dir='ltr'>ij.</span> <span class='ocrx_word' id='word_1_21' title='bbox 558 1009 692 1090; x_wconf 84' lang='lat' dir='ltr'>virgatis</span> <span class='ocrx_word' id='word_1_22' title='bbox 707 1014 791 1071; x_wconf 86' lang='lat' dir='ltr'>terre</span> <span class='ocrx_word' id='word_1_23' title='bbox 806 1009 843 1092; x_wconf 88' lang='lat' dir='ltr'>ij.</span> <span class='ocrx_word' id='word_1_24' title='bbox 854 1010 935 1070; x_wconf 84' lang='lat' dir='ltr'>acris</span> <span class='ocrx_word' id='word_1_25' title='bbox 950 1009 994 1072; x_wconf 91' lang='lat' dir='ltr'>di.</span> <span class='ocrx_word' id='word_1_26' title='bbox 1005 1009 1091 1093; x_wconf 86' lang='lat' dir='ltr'>prati</span> <span class='ocrx_word' id='word_1_27' title='bbox 1107 1013 1142 1071; x_wconf 89' lang='lat' dir='ltr'>st</span> <span class='ocrx_word' id='word_1_28' title='bbox 1157 1028 1223 1070; x_wconf 92' lang='lat' dir='ltr'>nno</span> <span class='ocrx_word' id='word_1_29' title='bbox 1238 1007 1424 1070; x_wconf 90' lang='lat' dir='ltr'>molendino</span> <span class='ocrx_word' id='word_1_30' title='bbox 1436 1010 1470 1070; x_wconf 93' lang='lat' dir='ltr'>in</span> <span class='ocrx_word' id='word_1_31' title='bbox 1483 1011 1777 1084; x_wconf 79' lang='lat' dir='ltr'>Romvuonmonr,</span> 
     </span>
     <span class='ocr_line' id='line_1_4' title="bbox 277 1091 1779 1180; baseline -0.001 -26"><span class='ocrx_word' id='word_1_32' title='bbox 277 1113 340 1175; x_wconf 92' lang='lat' dir='ltr'>que</span> <span class='ocrx_word' id='word_1_33' title='bbox 355 1091 518 1156; x_wconf 88' lang='lat' dir='ltr'>Johannes</span> <span class='ocrx_word' id='word_1_34' title='bbox 534 1094 667 1176; x_wconf 88' lang='lat' dir='ltr'>Billyng</span> <span class='ocrx_word' id='word_1_35' title='bbox 682 1103 713 1156; x_wconf 91' lang='lat' dir='ltr'>et</span> <span class='ocrx_word' id='word_1_36' title='bbox 732 1095 905 1180; x_wconf 85' lang='lat' dir='ltr'>Margeria,</span> <span class='ocrx_word' id='word_1_37' title='bbox 921 1117 1000 1157; x_wconf 82' lang='lat' dir='ltr'>uxor</span> <span class='ocrx_word' id='word_1_38' title='bbox 1014 1096 1095 1180; x_wconf 86' lang='lat' dir='ltr'>ejus,</span> <span class='ocrx_word' id='word_1_39' title='bbox 1111 1115 1185 1172; x_wconf 88' lang='lat' dir='ltr'>nna,</span> <span class='ocrx_word' id='word_1_40' title='bbox 1204 1095 1302 1179; x_wconf 87' lang='lat' dir='ltr'>Hogo</span> <span class='ocrx_word' id='word_1_41' title='bbox 1319 1093 1443 1157; x_wconf 82' lang='lat' dir='ltr'>Arthur</span> <span class='ocrx_word' id='word_1_42' title='bbox 1457 1105 1492 1158; x_wconf 84' lang='lat' dir='ltr'>et</span> <span class='ocrx_word' id='word_1_43' title='bbox 1514 1096 1535 1161; x_wconf 91' lang='lat' dir='ltr'>J</span> <span class='ocrx_word' id='word_1_44' title='bbox 1537 1095 1674 1173; x_wconf 83' lang='lat' dir='ltr'>ohanna,</span> <span class='ocrx_word' id='word_1_45' title='bbox 1701 1115 1779 1154; x_wconf 86' lang='lat' dir='ltr'>uxor</span> 
     </span>
     <span class='ocr_line' id='line_1_5' title="bbox 280 1179 1778 1267; baseline -0.001 -25"><span class='ocrx_word' id='word_1_46' title='bbox 280 1181 363 1258; x_wconf 82' lang='lat' dir='ltr'>e&#39;us,</span> <span class='ocrx_word' id='word_1_47' title='bbox 391 1179 506 1258; x_wconf 87' lang='lat' dir='ltr'>altera,</span> <span class='ocrx_word' id='word_1_48' title='bbox 535 1181 700 1245; x_wconf 86' lang='lat' dir='ltr'>Johannes</span> <span class='ocrx_word' id='word_1_49' title='bbox 731 1183 818 1245; x_wconf 83' lang='lat' dir='ltr'>filius</span> <span class='ocrx_word' id='word_1_50' title='bbox 847 1183 1010 1267; x_wconf 87' lang='lat' dir='ltr'>Hugonis‚</span> <span class='ocrx_word' id='word_1_51' title='bbox 1033 1189 1067 1245; x_wconf 84' lang='lat' dir='ltr'>et</span> <span class='ocrx_word' id='word_1_52' title='bbox 1097 1180 1297 1258; x_wconf 86' lang='lat' dir='ltr'>Elizabetha‚</span> <span class='ocrx_word' id='word_1_53' title='bbox 1327 1183 1434 1244; x_wconf 87' lang='lat' dir='ltr'>uxoris</span> <span class='ocrx_word' id='word_1_54' title='bbox 1468 1185 1535 1262; x_wconf 80' lang='lat' dir='ltr'>(sic)</span> <span class='ocrx_word' id='word_1_55' title='bbox 1568 1184 1647 1267; x_wconf 81' lang='lat' dir='ltr'>ejus,</span> <span class='ocrx_word' id='word_1_56' title='bbox 1679 1182 1778 1244; x_wconf 85' lang='lat' dir='ltr'>tercia</span> 
     </span>
     <span class='ocr_line' id='line_1_6' title="bbox 277 1202 1777 1351; baseline 0.001 -23"><span class='ocrx_word' id='word_1_57' title='bbox 277 1202 419 1330; x_wconf 77' lang='lat' dir='ltr'>tibiarum</span> <span class='ocrx_word' id='word_1_58' title='bbox 433 1276 468 1330; x_wconf 89' lang='lat' dir='ltr'>et</span> <span class='ocrx_word' id='word_1_59' title='bbox 482 1268 638 1331; x_wconf 81' lang='lat' dir='ltr'>heredum</span> <span class='ocrx_word' id='word_1_60' title='bbox 654 1267 804 1333; x_wconf 87' lang='lat' dir='ltr'>Nicholai</span> <span class='ocrx_word' id='word_1_61' title='bbox 831 1269 993 1332; x_wconf 85' lang='lat' dir='ltr'>Bamache</span> <span class='ocrx_word' id='word_1_62' title='bbox 1015 1271 1141 1347; x_wconf 77' lang='lat' dir='ltr'>(rectius</span> <span class='ocrx_word' id='word_1_63' title='bbox 1157 1267 1345 1347; x_wconf 86' lang='lat' dir='ltr'>Gamacbe),</span> <span class='ocrx_word' id='word_1_64' title='bbox 1368 1275 1546 1332; x_wconf 89' lang='lat' dir='ltr'>tenuerunt</span> <span class='ocrx_word' id='word_1_65' title='bbox 1568 1270 1609 1332; x_wconf 91' lang='lat' dir='ltr'>de</span> <span class='ocrx_word' id='word_1_66' title='bbox 1635 1268 1777 1351; x_wconf 88' lang='lat' dir='ltr'>predicto</span> 
     </span>
     <span class='ocr_line' id='line_1_7' title="bbox 278 1354 1760 1442; baseline 0.002 -26"><span class='ocrx_word' id='word_1_67' title='bbox 278 1354 412 1417; x_wconf 92' lang='lat' dir='ltr'>domino</span> <span class='ocrx_word' id='word_1_68' title='bbox 427 1354 584 1419; x_wconf 82' lang='lat' dir='ltr'>Edwardo</span> <span class='ocrx_word' id='word_1_69' title='bbox 598 1357 710 1433; x_wconf 86' lang='lat' dir='ltr'>tercio,</span> <span class='ocrx_word' id='word_1_70' title='bbox 726 1377 784 1439; x_wconf 93' lang='lat' dir='ltr'>pro</span> <span class='ocrx_word' id='word_1_71' title='bbox 799 1357 916 1442; x_wconf 90' lang='lat' dir='ltr'>quibus</span> <span class='ocrx_word' id='word_1_72' title='bbox 930 1357 1091 1420; x_wconf 90' lang='lat' dir='ltr'>dederunt</span> <span class='ocrx_word' id='word_1_73' title='bbox 1107 1378 1135 1422; x_wconf 89' lang='lat' dir='ltr'>v.</span> <span class='ocrx_word' id='word_1_74' title='bbox 1143 1378 1168 1420; x_wconf 84' lang='lat' dir='ltr'>a.</span> <span class='ocrx_word' id='word_1_75' title='bbox 1186 1357 1272 1419; x_wconf 83' lang='lat' dir='ltr'>sicut</span> <span class='ocrx_word' id='word_1_76' title='bbox 1287 1357 1474 1420; x_wconf 78' lang='lat' dir='ltr'>continetur</span> <span class='ocrx_word' id='word_1_77' title='bbox 1489 1361 1551 1420; x_wconf 91' lang='lat' dir='ltr'>etc.</span> <span class='ocrx_word' id='word_1_78' title='bbox 1571 1362 1618 1436; x_wconf 78' lang='lat' dir='ltr'>(aa</span> <span class='ocrx_word' id='word_1_79' title='bbox 1634 1357 1760 1439; x_wconf 82' lang='lat' dir='ltr'>before).</span> 
     </span>
    </p>
   </div>
   <div class='ocr_carea' id='block_1_3' title="bbox 278 1489 1776 1834">
    <p class='ocr_par' dir='ltr' id='par_1_3' title="bbox 278 1489 1776 1834">
     <span class='ocr_line' id='line_1_8' title="bbox 322 1489 1776 1578; baseline 0.001 -27"><span class='ocrx_word' id='word_1_80' title='bbox 322 1489 366 1552; x_wconf 82' lang='lat' dir='ltr'>Et</span> <span class='ocrx_word' id='word_1_81' title='bbox 383 1497 560 1554; x_wconf 87' lang='lat' dir='ltr'>onerantur</span> <span class='ocrx_word' id='word_1_82' title='bbox 575 1491 615 1555; x_wconf 89' lang='lat' dir='ltr'>de</span> <span class='ocrx_word' id='word_1_83' title='bbox 630 1491 725 1576; x_wconf 60' lang='lat' dir='ltr'>xijo.</span> <span class='ocrx_word' id='word_1_84' title='bbox 741 1492 780 1554; x_wconf 93' lang='lat' dir='ltr'>de</span> <span class='ocrx_word' id='word_1_85' title='bbox 796 1491 981 1577; x_wconf 84' lang='lat' dir='ltr'>hujusmodi</span> <span class='ocrx_word' id='word_1_86' title='bbox 996 1493 1118 1555; x_wconf 79' lang='lat' dir='ltr'>auxilio</span> <span class='ocrx_word' id='word_1_87' title='bbox 1133 1494 1345 1578; x_wconf 87' lang='lat' dir='ltr'>contingente</span> <span class='ocrx_word' id='word_1_88' title='bbox 1361 1501 1440 1558; x_wconf 69' lang='lat' dir='ltr'>nnun</span> <span class='ocrx_word' id='word_1_89' title='bbox 1458 1499 1584 1576; x_wconf 89' lang='lat' dir='ltr'>partem</span> <span class='ocrx_word' id='word_1_90' title='bbox 1600 1495 1624 1578; x_wconf 87' lang='lat' dir='ltr'>j.</span> <span class='ocrx_word' id='word_1_91' title='bbox 1642 1493 1664 1556; x_wconf 83' lang='lat' dir='ltr'>f.</span> <span class='ocrx_word' id='word_1_92' title='bbox 1682 1513 1726 1557; x_wconf 91' lang='lat' dir='ltr'>m.</span> <span class='ocrx_word' id='word_1_93' title='bbox 1743 1493 1776 1553; x_wconf 91' lang='lat' dir='ltr'>in</span> 
     </span>
     <span class='ocr_line' id='line_1_9' title="bbox 279 1577 1776 1664; baseline -0.001 -22"><span class='ocrx_word' id='word_1_94' title='bbox 279 1577 518 1656; x_wconf 69' lang='lat' dir='ltr'>Bonasamson,</span> <span class='ocrx_word' id='word_1_95' title='bbox 548 1579 731 1656; x_wconf 80' lang='lat' dir='ltr'>Hnanwvr,</span> <span class='ocrx_word' id='word_1_96' title='bbox 759 1585 794 1643; x_wconf 90' lang='lat' dir='ltr'>et</span> <span class='ocrx_word' id='word_1_97' title='bbox 818 1580 978 1647; x_wconf 78' lang='lat' dir='ltr'>Gnnsonn</span> <span class='ocrx_word' id='word_1_98' title='bbox 1002 1581 1037 1643; x_wconf 92' lang='lat' dir='ltr'>in</span> <span class='ocrx_word' id='word_1_99' title='bbox 1064 1580 1225 1644; x_wconf 84' lang='lat' dir='ltr'>comitatu</span> <span class='ocrx_word' id='word_1_100' title='bbox 1252 1581 1407 1663; x_wconf 85' lang='lat' dir='ltr'>predicto,</span> <span class='ocrx_word' id='word_1_101' title='bbox 1435 1602 1492 1664; x_wconf 90' lang='lat' dir='ltr'>pro</span> <span class='ocrx_word' id='word_1_102' title='bbox 1514 1600 1578 1662; x_wconf 87' lang='lat' dir='ltr'>qua</span> <span class='ocrx_word' id='word_1_103' title='bbox 1600 1578 1776 1656; x_wconf 80' lang='lat' dir='ltr'>lohannes,</span> 
     </span>
     <span class='ocr_line' id='line_1_10' title="bbox 278 1663 1774 1834; baseline 0.001 -106"><span class='ocrx_word' id='word_1_104' title='bbox 278 1663 539 1834; x_wconf 43' lang='lat' dir='ltr'>{gupep&#39;treperes</span> <span class='ocrx_word' id='word_1_105' title='bbox 563 1665 721 1730; x_wconf 90' lang='lat' dir='ltr'>Johannis</span> <span class='ocrx_word' id='word_1_106' title='bbox 746 1666 786 1730; x_wconf 89' lang='lat' dir='ltr'>de</span> <span class='ocrx_word' id='word_1_107' title='bbox 812 1666 898 1750; x_wconf 86' lang='lat' dir='ltr'>Grey</span> <span class='ocrx_word' id='word_1_108' title='bbox 924 1667 965 1730; x_wconf 88' lang='lat' dir='ltr'>de</span> <span class='ocrx_word' id='word_1_109' title='bbox 992 1665 1192 1746; x_wconf 84' lang='lat' dir='ltr'>Retherfeld,</span> <span class='ocrx_word' id='word_1_110' title='bbox 1208 1667 1301 1730; x_wconf 87' lang='lat' dir='ltr'>dedit</span> <span class='ocrx_word' id='word_1_111' title='bbox 1318 1687 1381 1734; x_wconf 82' lang='lat' dir='ltr'>v.s.</span> <span class='ocrx_word' id='word_1_112' title='bbox 1399 1669 1453 1826; x_wconf 66' lang='lat' dir='ltr'>de,</span> <span class='ocrx_word' id='word_1_113' title='bbox 1466 1668 1597 1744; x_wconf 86' lang='lat' dir='ltr'>relevio,</span> <span class='ocrx_word' id='word_1_114' title='bbox 1612 1667 1696 1730; x_wconf 88' lang='lat' dir='ltr'>sicut</span> <span class='ocrx_word' id='word_1_115' title='bbox 1712 1672 1774 1729; x_wconf 88' lang='lat' dir='ltr'>etc.</span> 
     </span>
    </p>
   </div>
   <div class='ocr_carea' id='block_1_4' title="bbox 280 1888 1780 2236">
    <p class='ocr_par' dir='ltr' id='par_1_4' title="bbox 280 1888 1780 2236">
     <span class='ocr_line' id='line_1_11' title="bbox 323 1888 1778 1978; baseline 0.003 -28"><span class='ocrx_word' id='word_1_116' title='bbox 323 1888 367 1950; x_wconf 88' lang='lat' dir='ltr'>Et</span> <span class='ocrx_word' id='word_1_117' title='bbox 382 1895 557 1953; x_wconf 87' lang='lat' dir='ltr'>onerantur</span> <span class='ocrx_word' id='word_1_118' title='bbox 571 1890 612 1953; x_wconf 91' lang='lat' dir='ltr'>de</span> <span class='ocrx_word' id='word_1_119' title='bbox 627 1890 703 1975; x_wconf 84' lang='lat' dir='ltr'>vj.s.</span> <span class='ocrx_word' id='word_1_120' title='bbox 719 1890 759 1953; x_wconf 91' lang='lat' dir='ltr'>de</span> <span class='ocrx_word' id='word_1_121' title='bbox 773 1893 888 1954; x_wconf 91' lang='lat' dir='ltr'>eodem</span> <span class='ocrx_word' id='word_1_122' title='bbox 903 1893 1027 1955; x_wconf 84' lang='lat' dir='ltr'>auxilio</span> <span class='ocrx_word' id='word_1_123' title='bbox 1042 1893 1257 1978; x_wconf 82' lang='lat' dir='ltr'>contingente</span> <span class='ocrx_word' id='word_1_124' title='bbox 1282 1894 1351 1957; x_wconf 74' lang='lat'>11²⁰¹</span> <span class='ocrx_word' id='word_1_125' title='bbox 1370 1897 1498 1976; x_wconf 85' lang='lat' dir='ltr'>partem</span> <span class='ocrx_word' id='word_1_126' title='bbox 1523 1894 1547 1978; x_wconf 86' lang='lat' dir='ltr'>j.</span> <span class='ocrx_word' id='word_1_127' title='bbox 1564 1893 1587 1957; x_wconf 87' lang='lat' dir='ltr'>f.</span> <span class='ocrx_word' id='word_1_128' title='bbox 1603 1914 1648 1957; x_wconf 91' lang='lat' dir='ltr'>m.</span> <span class='ocrx_word' id='word_1_129' title='bbox 1673 1912 1729 1974; x_wconf 91' lang='lat' dir='ltr'>pro</span> <span class='ocrx_word' id='word_1_130' title='bbox 1755 1892 1778 1976; x_wconf 87' lang='lat' dir='ltr'>j.</span> 
     </span>
     <span class='ocr_line' id='line_1_12' title="bbox 280 1977 1780 2063; baseline 0.001 -25"><span class='ocrx_word' id='word_1_131' title='bbox 280 1978 446 2061; x_wconf 80' lang='lat' dir='ltr'>mesuagio</span> <span class='ocrx_word' id='word_1_132' title='bbox 469 1981 505 2040; x_wconf 92' lang='lat' dir='ltr'>et</span> <span class='ocrx_word' id='word_1_133' title='bbox 529 1977 565 2062; x_wconf 84' lang='lat' dir='ltr'>ij.</span> <span class='ocrx_word' id='word_1_134' title='bbox 582 1978 718 2061; x_wconf 89' lang='lat' dir='ltr'>virgatis</span> <span class='ocrx_word' id='word_1_135' title='bbox 734 1983 816 2042; x_wconf 91' lang='lat' dir='ltr'>terre</span> <span class='ocrx_word' id='word_1_136' title='bbox 830 2000 905 2042; x_wconf 92' lang='lat' dir='ltr'>cum</span> <span class='ocrx_word' id='word_1_137' title='bbox 920 1980 1133 2063; x_wconf 84' lang='lat' dir='ltr'>pertinenciis</span> <span class='ocrx_word' id='word_1_138' title='bbox 1148 1983 1182 2043; x_wconf 91' lang='lat' dir='ltr'>in</span> <span class='ocrx_word' id='word_1_139' title='bbox 1197 1981 1310 2048; x_wconf 78' lang='lat' dir='ltr'>Gnavn</span> <span class='ocrx_word' id='word_1_140' title='bbox 1326 1981 1361 2042; x_wconf 92' lang='lat' dir='ltr'>in</span> <span class='ocrx_word' id='word_1_141' title='bbox 1377 1982 1536 2043; x_wconf 86' lang='lat' dir='ltr'>comitatu</span> <span class='ocrx_word' id='word_1_142' title='bbox 1553 1981 1709 2063; x_wconf 89' lang='lat' dir='ltr'>predicto,</span> <span class='ocrx_word' id='word_1_143' title='bbox 1724 1999 1780 2061; x_wconf 91' lang='lat' dir='ltr'>pro</span> 
     </span>
     <span class='ocr_line' id='line_1_13' title="bbox 280 2063 1779 2152; baseline 0.001 -26"><span class='ocrx_word' id='word_1_144' title='bbox 280 2063 399 2146; x_wconf 91' lang='lat' dir='ltr'>quibus</span> <span class='ocrx_word' id='word_1_145' title='bbox 422 2063 601 2127; x_wconf 88' lang='lat' dir='ltr'>Nicholaus</span> <span class='ocrx_word' id='word_1_146' title='bbox 626 2066 667 2128; x_wconf 90' lang='lat' dir='ltr'>de</span> <span class='ocrx_word' id='word_1_147' title='bbox 691 2066 827 2148; x_wconf 84' lang='lat' dir='ltr'>Bussby,</span> <span class='ocrx_word' id='word_1_148' title='bbox 842 2067 929 2129; x_wconf 87' lang='lat' dir='ltr'>filius</span> <span class='ocrx_word' id='word_1_149' title='bbox 954 2074 990 2131; x_wconf 89' lang='lat' dir='ltr'>et</span> <span class='ocrx_word' id='word_1_150' title='bbox 1014 2065 1104 2130; x_wconf 88' lang='lat' dir='ltr'>heres</span> <span class='ocrx_word' id='word_1_151' title='bbox 1119 2066 1279 2131; x_wconf 87' lang='lat' dir='ltr'>Johannis</span> <span class='ocrx_word' id='word_1_152' title='bbox 1295 2069 1334 2132; x_wconf 90' lang='lat' dir='ltr'>de</span> <span class='ocrx_word' id='word_1_153' title='bbox 1353 2065 1488 2150; x_wconf 85' lang='lat' dir='ltr'>Bussby,</span> <span class='ocrx_word' id='word_1_154' title='bbox 1504 2068 1596 2130; x_wconf 88' lang='lat' dir='ltr'>dedit</span> <span class='ocrx_word' id='word_1_155' title='bbox 1614 2067 1682 2152; x_wconf 59' lang='lat' dir='ltr'>ijs.</span> <span class='ocrx_word' id='word_1_156' title='bbox 1700 2065 1779 2150; x_wconf 63' lang='lat' dir='ltr'>ijo.</span> 
     </span>
     <span class='ocr_line' id='line_1_14' title="bbox 280 2151 849 2236; baseline 0.005 -22"><span class='ocrx_word' id='word_1_157' title='bbox 280 2151 320 2214; x_wconf 88' lang='lat' dir='ltr'>de</span> <span class='ocrx_word' id='word_1_158' title='bbox 334 2151 466 2228; x_wconf 88' lang='lat' dir='ltr'>relevio,</span> <span class='ocrx_word' id='word_1_159' title='bbox 481 2153 565 2215; x_wconf 90' lang='lat' dir='ltr'>sicut</span> <span class='ocrx_word' id='word_1_160' title='bbox 580 2158 641 2217; x_wconf 89' lang='lat' dir='ltr'>eto.</span> <span class='ocrx_word' id='word_1_161' title='bbox 661 2161 708 2231; x_wconf 84' lang='lat' dir='ltr'>(aa</span> <span class='ocrx_word' id='word_1_162' title='bbox 724 2155 849 2236; x_wconf 80' lang='lat' dir='ltr'>before).</span> 
     </span>
    </p>
   </div>
   <div class='ocr_carea' id='block_1_5' title="bbox 281 2289 1781 2550">
    <p class='ocr_par' dir='ltr' id='par_1_5' title="bbox 281 2289 1781 2550">
     <span class='ocr_line' id='line_1_15' title="bbox 324 2289 1779 2380; baseline 0.002 -30"><span class='ocrx_word' id='word_1_163' title='bbox 324 2289 369 2352; x_wconf 88' lang='lat' dir='ltr'>Et</span> <span class='ocrx_word' id='word_1_164' title='bbox 395 2296 570 2353; x_wconf 84' lang='lat' dir='ltr'>onerantur</span> <span class='ocrx_word' id='word_1_165' title='bbox 596 2292 637 2354; x_wconf 90' lang='lat' dir='ltr'>de</span> <span class='ocrx_word' id='word_1_166' title='bbox 661 2313 722 2356; x_wconf 85' lang='lat' dir='ltr'>v.s.</span> <span class='ocrx_word' id='word_1_167' title='bbox 739 2292 779 2356; x_wconf 86' lang='lat' dir='ltr'>de</span> <span class='ocrx_word' id='word_1_168' title='bbox 802 2294 915 2356; x_wconf 89' lang='lat' dir='ltr'>eodem</span> <span class='ocrx_word' id='word_1_169' title='bbox 942 2294 1067 2356; x_wconf 81' lang='lat' dir='ltr'>anxilio</span> <span class='ocrx_word' id='word_1_170' title='bbox 1092 2296 1304 2377; x_wconf 86' lang='lat' dir='ltr'>contingente</span> <span class='ocrx_word' id='word_1_171' title='bbox 1328 2294 1405 2380; x_wconf 80' lang='lat' dir='ltr'>iij⁵¹¹¹</span> <span class='ocrx_word' id='word_1_172' title='bbox 1421 2301 1545 2376; x_wconf 84' lang='lat' dir='ltr'>partem</span> <span class='ocrx_word' id='word_1_173' title='bbox 1565 2293 1591 2377; x_wconf 91' lang='lat' dir='ltr'>j.</span> <span class='ocrx_word' id='word_1_174' title='bbox 1608 2291 1631 2356; x_wconf 82' lang='lat' dir='ltr'>i.</span> <span class='ocrx_word' id='word_1_175' title='bbox 1649 2312 1695 2356; x_wconf 91' lang='lat' dir='ltr'>m.</span> <span class='ocrx_word' id='word_1_176' title='bbox 1722 2310 1779 2373; x_wconf 94' lang='lat' dir='ltr'>pro</span> 
     </span>
     <span class='ocr_line' id='line_1_16' title="bbox 281 2377 1781 2466; baseline 0 -27"><span class='ocrx_word' id='word_1_177' title='bbox 281 2378 423 2440; x_wconf 86' lang='lat' dir='ltr'>manerio</span> <span class='ocrx_word' id='word_1_178' title='bbox 438 2377 478 2441; x_wconf 93' lang='lat' dir='ltr'>de</span> <span class='ocrx_word' id='word_1_179' title='bbox 494 2378 763 2445; x_wconf 80' lang='lat' dir='ltr'>annnvnsron</span> <span class='ocrx_word' id='word_1_180' title='bbox 778 2382 812 2442; x_wconf 91' lang='lat' dir='ltr'>in</span> <span class='ocrx_word' id='word_1_181' title='bbox 828 2382 989 2444; x_wconf 90' lang='lat' dir='ltr'>comitatu</span> <span class='ocrx_word' id='word_1_182' title='bbox 1004 2381 1162 2464; x_wconf 88' lang='lat' dir='ltr'>predicto,</span> <span class='ocrx_word' id='word_1_183' title='bbox 1180 2403 1236 2465; x_wconf 91' lang='lat' dir='ltr'>pro</span> <span class='ocrx_word' id='word_1_184' title='bbox 1252 2402 1317 2465; x_wconf 92' lang='lat' dir='ltr'>qno</span> <span class='ocrx_word' id='word_1_185' title='bbox 1333 2381 1477 2466; x_wconf 86' lang='lat' dir='ltr'>Rogerus</span> <span class='ocrx_word' id='word_1_186' title='bbox 1505 2383 1664 2460; x_wconf 80' lang='lat' dir='ltr'>Lestrang</span> <span class='ocrx_word' id='word_1_187' title='bbox 1689 2377 1781 2440; x_wconf 89' lang='lat' dir='ltr'>dedit</span> 
     </span>
     <span class='ocr_line' id='line_1_17' title="bbox 281 2464 977 2550; baseline 0.009 -24"><span class='ocrx_word' id='word_1_188' title='bbox 281 2483 387 2530; x_wconf 83' lang='lat' dir='ltr'>xxv.s.</span> <span class='ocrx_word' id='word_1_189' title='bbox 403 2464 443 2527; x_wconf 90' lang='lat' dir='ltr'>de</span> <span class='ocrx_word' id='word_1_190' title='bbox 459 2465 590 2543; x_wconf 88' lang='lat' dir='ltr'>relevio,</span> <span class='ocrx_word' id='word_1_191' title='bbox 605 2468 690 2528; x_wconf 87' lang='lat' dir='ltr'>sicut</span> <span class='ocrx_word' id='word_1_192' title='bbox 704 2474 766 2532; x_wconf 90' lang='lat' dir='ltr'>etc.</span> <span class='ocrx_word' id='word_1_193' title='bbox 786 2471 834 2546; x_wconf 85' lang='lat' dir='ltr'>(aa</span> <span class='ocrx_word' id='word_1_194' title='bbox 850 2469 977 2550; x_wconf 82' lang='lat' dir='ltr'>before).</span> 
     </span>
    </p>
   </div>
   <div class='ocr_carea' id='block_1_6' title="bbox 282 2600 1780 2948">
    <p class='ocr_par' dir='ltr' id='par_1_6' title="bbox 282 2600 1780 2948">
     <span class='ocr_line' id='line_1_18' title="bbox 325 2600 1780 2690; baseline -0.001 -27"><span class='ocrx_word' id='word_1_195' title='bbox 325 2600 370 2663; x_wconf 91' lang='lat' dir='ltr'>Et</span> <span class='ocrx_word' id='word_1_196' title='bbox 383 2607 559 2665; x_wconf 88' lang='lat' dir='ltr'>onerantur</span> <span class='ocrx_word' id='word_1_197' title='bbox 573 2604 613 2665; x_wconf 93' lang='lat' dir='ltr'>de</span> <span class='ocrx_word' id='word_1_198' title='bbox 628 2623 689 2666; x_wconf 87' lang='lat' dir='ltr'>v.a.</span> <span class='ocrx_word' id='word_1_199' title='bbox 705 2604 744 2667; x_wconf 88' lang='lat' dir='ltr'>de</span> <span class='ocrx_word' id='word_1_200' title='bbox 760 2604 945 2686; x_wconf 87' lang='lat' dir='ltr'>hujusmodi</span> <span class='ocrx_word' id='word_1_201' title='bbox 961 2605 1082 2668; x_wconf 80' lang='lat' dir='ltr'>auxilio</span> <span class='ocrx_word' id='word_1_202' title='bbox 1097 2607 1310 2690; x_wconf 87' lang='lat' dir='ltr'>contingente</span> <span class='ocrx_word' id='word_1_203' title='bbox 1325 2604 1425 2689; x_wconf 64' lang='lat' dir='ltr'>iiijllm</span> <span class='ocrx_word' id='word_1_204' title='bbox 1442 2608 1569 2686; x_wconf 82' lang='lat' dir='ltr'>purtem</span> <span class='ocrx_word' id='word_1_205' title='bbox 1585 2604 1609 2687; x_wconf 85' lang='lat' dir='ltr'>j.</span> <span class='ocrx_word' id='word_1_206' title='bbox 1627 2603 1649 2664; x_wconf 85' lang='lat' dir='ltr'>f.</span> <span class='ocrx_word' id='word_1_207' title='bbox 1668 2623 1713 2666; x_wconf 89' lang='lat' dir='ltr'>m.</span> <span class='ocrx_word' id='word_1_208' title='bbox 1725 2621 1780 2683; x_wconf 91' lang='lat' dir='ltr'>pro</span> 
     </span>
     <span class='ocr_line' id='line_1_19' title="bbox 282 2688 1780 2757; baseline 0 -6"><span class='ocrx_word' id='word_1_209' title='bbox 282 2694 386 2751; x_wconf 80' lang='lat' dir='ltr'>castro</span> <span class='ocrx_word' id='word_1_210' title='bbox 400 2697 435 2751; x_wconf 90' lang='lat' dir='ltr'>et</span> <span class='ocrx_word' id='word_1_211' title='bbox 449 2692 593 2753; x_wconf 82' lang='lat' dir='ltr'>manerio</span> <span class='ocrx_word' id='word_1_212' title='bbox 608 2691 648 2753; x_wconf 90' lang='lat' dir='ltr'>de</span> <span class='ocrx_word' id='word_1_213' title='bbox 663 2691 870 2757; x_wconf 81' lang='lat' dir='ltr'>Ennnsnnnn</span> <span class='ocrx_word' id='word_1_214' title='bbox 885 2712 959 2755; x_wconf 86' lang='lat' dir='ltr'>cum</span> <span class='ocrx_word' id='word_1_215' title='bbox 975 2691 1143 2754; x_wconf 87' lang='lat' dir='ltr'>hundredo</span> <span class='ocrx_word' id='word_1_216' title='bbox 1167 2692 1289 2755; x_wconf 88' lang='lat' dir='ltr'>ibidem</span> <span class='ocrx_word' id='word_1_217' title='bbox 1317 2701 1353 2754; x_wconf 88' lang='lat' dir='ltr'>et</span> <span class='ocrx_word' id='word_1_218' title='bbox 1378 2688 1566 2752; x_wconf 87' lang='lat' dir='ltr'>hamelettis</span> <span class='ocrx_word' id='word_1_219' title='bbox 1589 2690 1629 2750; x_wconf 90' lang='lat' dir='ltr'>de</span> <span class='ocrx_word' id='word_1_220' title='bbox 1645 2689 1780 2754; x_wconf 71' lang='lat' dir='ltr'>Cosam</span> 
     </span>
     <span class='ocr_line' id='line_1_20' title="bbox 282 2774 1779 2863; baseline -0.003 -26"><span class='ocrx_word' id='word_1_221' title='bbox 282 2783 317 2838; x_wconf 92' lang='lat' dir='ltr'>et</span> <span class='ocrx_word' id='word_1_222' title='bbox 343 2776 516 2856; x_wconf 64' lang='lat' dir='ltr'>Hannon,</span> <span class='ocrx_word' id='word_1_223' title='bbox 542 2799 598 2860; x_wconf 92' lang='lat' dir='ltr'>pro</span> <span class='ocrx_word' id='word_1_224' title='bbox 621 2779 738 2860; x_wconf 90' lang='lat' dir='ltr'>quibus</span> <span class='ocrx_word' id='word_1_225' title='bbox 765 2781 850 2842; x_wconf 85' lang='lat' dir='ltr'>idern</span> <span class='ocrx_word' id='word_1_226' title='bbox 880 2781 1022 2863; x_wconf 84' lang='lat' dir='ltr'>Rogerus</span> <span class='ocrx_word' id='word_1_227' title='bbox 1050 2779 1225 2863; x_wconf 77' lang='lat' dir='ltr'>lestrange</span> <span class='ocrx_word' id='word_1_228' title='bbox 1249 2778 1342 2842; x_wconf 89' lang='lat' dir='ltr'>dedit</span> <span class='ocrx_word' id='word_1_229' title='bbox 1368 2797 1471 2839; x_wconf 70' lang='lat' dir='ltr'>xxva</span> <span class='ocrx_word' id='word_1_230' title='bbox 1487 2775 1527 2839; x_wconf 91' lang='lat' dir='ltr'>de</span> <span class='ocrx_word' id='word_1_231' title='bbox 1547 2774 1676 2850; x_wconf 88' lang='lat' dir='ltr'>relevio,</span> <span class='ocrx_word' id='word_1_232' title='bbox 1694 2777 1779 2834; x_wconf 91' lang='lat' dir='ltr'>sicut</span> 
     </span>
     <span class='ocr_line' id='line_1_21' title="bbox 282 2863 752 2948; baseline 0.011 -22"><span class='ocrx_word' id='word_1_233' title='bbox 282 2863 467 2926; x_wconf 88' lang='lat' dir='ltr'>continetur</span> <span class='ocrx_word' id='word_1_234' title='bbox 481 2871 544 2929; x_wconf 89' lang='lat' dir='ltr'>stc.</span> <span class='ocrx_word' id='word_1_235' title='bbox 564 2870 611 2942; x_wconf 83' lang='lat' dir='ltr'>(os</span> <span class='ocrx_word' id='word_1_236' title='bbox 626 2867 752 2948; x_wconf 84' lang='lat' dir='ltr'>before).</span> 
     </span>
    </p>
   </div>
   <div class='ocr_carea' id='block_1_7' title="bbox 282 2990 1779 3434">
    <p class='ocr_par' dir='ltr' id='par_1_7' title="bbox 282 2990 1779 3434">
     <span class='ocr_line' id='line_1_22' title="bbox 324 2990 1777 3091; baseline -0.008 -28"><span class='ocrx_word' id='word_1_237' title='bbox 324 3000 369 3063; x_wconf 86' lang='lat' dir='ltr'>Et</span> <span class='ocrx_word' id='word_1_238' title='bbox 383 3005 558 3065; x_wconf 84' lang='lat' dir='ltr'>onerantur</span> <span class='ocrx_word' id='word_1_239' title='bbox 572 3003 613 3066; x_wconf 89' lang='lat' dir='ltr'>de</span> <span class='ocrx_word' id='word_1_240' title='bbox 627 3023 732 3068; x_wconf 65' lang='lat' dir='ltr'>xnus.</span> <span class='ocrx_word' id='word_1_241' title='bbox 745 3003 785 3067; x_wconf 89' lang='lat' dir='ltr'>de</span> <span class='ocrx_word' id='word_1_242' title='bbox 798 3003 912 3066; x_wconf 88' lang='lat' dir='ltr'>eodem</span> <span class='ocrx_word' id='word_1_243' title='bbox 927 3003 1050 3066; x_wconf 83' lang='lat' dir='ltr'>auxilio</span> <span class='ocrx_word' id='word_1_244' title='bbox 1063 3001 1272 3085; x_wconf 87' lang='lat' dir='ltr'>contingente</span> <span class='ocrx_word' id='word_1_245' title='bbox 1283 2999 1310 3084; x_wconf 91' lang='lat' dir='ltr'>j.</span> <span class='ocrx_word' id='word_1_246' title='bbox 1323 3001 1345 3065; x_wconf 87' lang='lat' dir='ltr'>f.</span> <span class='ocrx_word' id='word_1_247' title='bbox 1357 3020 1401 3064; x_wconf 92' lang='lat' dir='ltr'>m.</span> <span class='ocrx_word' id='word_1_248' title='bbox 1412 3000 1447 3060; x_wconf 94' lang='lat' dir='ltr'>in</span> <span class='ocrx_word' id='word_1_249' title='bbox 1463 2996 1681 3068; x_wconf 78' lang='lat' dir='ltr'>Bnannwnnn,</span> <span class='ocrx_word' id='word_1_250' title='bbox 1692 2990 1777 3091; x_wconf 80' lang='lat' dir='ltr'>quod</span> 
     </span>
     <span class='ocr_line' id='line_1_23' title="bbox 283 3081 1778 3177; baseline -0.007 -28"><span class='ocrx_word' id='word_1_251' title='bbox 283 3087 399 3150; x_wconf 85' lang='lat' dir='ltr'>Petrus</span> <span class='ocrx_word' id='word_1_252' title='bbox 425 3088 620 3174; x_wconf 85' lang='lat' dir='ltr'>Assherigge</span> <span class='ocrx_word' id='word_1_253' title='bbox 644 3090 807 3173; x_wconf 91' lang='lat' dir='ltr'>quondam</span> <span class='ocrx_word' id='word_1_254' title='bbox 835 3092 953 3168; x_wconf 90' lang='lat' dir='ltr'>tenuit,</span> <span class='ocrx_word' id='word_1_255' title='bbox 979 3090 1064 3172; x_wconf 90' lang='lat' dir='ltr'>quod</span> <span class='ocrx_word' id='word_1_256' title='bbox 1092 3087 1253 3150; x_wconf 89' lang='lat' dir='ltr'>Henricus</span> <span class='ocrx_word' id='word_1_257' title='bbox 1278 3085 1414 3167; x_wconf 86' lang='lat' dir='ltr'>Penkny</span> <span class='ocrx_word' id='word_1_258' title='bbox 1439 3081 1532 3146; x_wconf 90' lang='lat' dir='ltr'>dedit</span> <span class='ocrx_word' id='word_1_259' title='bbox 1561 3085 1595 3142; x_wconf 89' lang='lat' dir='ltr'>et</span> <span class='ocrx_word' id='word_1_260' title='bbox 1620 3083 1778 3177; x_wconf 75' lang='lat' dir='ltr'>concessrt</span> 
     </span>
     <span class='ocr_line' id='line_1_24' title="bbox 282 3167 1777 3262; baseline -0.005 -26"><span class='ocrx_word' id='word_1_261' title='bbox 282 3174 414 3238; x_wconf 90' lang='lat' dir='ltr'>domino</span> <span class='ocrx_word' id='word_1_262' title='bbox 437 3175 594 3240; x_wconf 75' lang='lat' dir='ltr'>Eduardo</span> <span class='ocrx_word' id='word_1_263' title='bbox 619 3178 782 3262; x_wconf 92' lang='lat' dir='ltr'>quondam</span> <span class='ocrx_word' id='word_1_264' title='bbox 806 3179 876 3261; x_wconf 83' lang='lat' dir='ltr'>regi</span> <span class='ocrx_word' id='word_1_265' title='bbox 900 3177 1017 3261; x_wconf 89' lang='lat' dir='ltr'>Anglie</span> <span class='ocrx_word' id='word_1_266' title='bbox 1042 3175 1108 3236; x_wconf 88' lang='lat' dir='ltr'>tilio</span> <span class='ocrx_word' id='word_1_267' title='bbox 1131 3175 1218 3258; x_wconf 89' lang='lat' dir='ltr'>regis</span> <span class='ocrx_word' id='word_1_268' title='bbox 1242 3174 1377 3236; x_wconf 92' lang='lat' dir='ltr'>Henrici</span> <span class='ocrx_word' id='word_1_269' title='bbox 1400 3190 1484 3234; x_wconf 90' lang='lat' dir='ltr'>anno</span> <span class='ocrx_word' id='word_1_270' title='bbox 1505 3169 1597 3250; x_wconf 89' lang='lat' dir='ltr'>regni</span> <span class='ocrx_word' id='word_1_271' title='bbox 1614 3167 1663 3229; x_wconf 88' lang='lat' dir='ltr'>sui</span> <span class='ocrx_word' id='word_1_272' title='bbox 1679 3172 1777 3244; x_wconf 79' lang='lat' dir='ltr'>xx1x0,</span> 
     </span>
     <span class='ocr_line' id='line_1_25' title="bbox 282 3254 1779 3335; baseline -0.005 -12"><span class='ocrx_word' id='word_1_273' title='bbox 282 3261 368 3324; x_wconf 88' lang='lat' dir='ltr'>siout</span> <span class='ocrx_word' id='word_1_274' title='bbox 397 3264 583 3327; x_wconf 91' lang='lat' dir='ltr'>continetur</span> <span class='ocrx_word' id='word_1_275' title='bbox 611 3265 645 3326; x_wconf 91' lang='lat' dir='ltr'>in</span> <span class='ocrx_word' id='word_1_276' title='bbox 676 3265 771 3327; x_wconf 89' lang='lat' dir='ltr'>rubro</span> <span class='ocrx_word' id='word_1_277' title='bbox 800 3263 883 3327; x_wconf 93' lang='lat' dir='ltr'>libro</span> <span class='ocrx_word' id='word_1_278' title='bbox 912 3265 952 3327; x_wconf 90' lang='lat' dir='ltr'>de</span> <span class='ocrx_word' id='word_1_279' title='bbox 981 3260 1139 3326; x_wconf 82' lang='lat' dir='ltr'>scaccario</span> <span class='ocrx_word' id='word_1_280' title='bbox 1168 3263 1202 3322; x_wconf 93' lang='lat' dir='ltr'>in</span> <span class='ocrx_word' id='word_1_281' title='bbox 1232 3259 1381 3323; x_wconf 82' lang='lat' dir='ltr'>custodia</span> <span class='ocrx_word' id='word_1_282' title='bbox 1408 3254 1666 3322; x_wconf 87' lang='lat' dir='ltr'>rememoratoris</span> <span class='ocrx_word' id='word_1_283' title='bbox 1695 3255 1779 3335; x_wconf 87' lang='lat' dir='ltr'>regis</span> 
     </span>
     <span class='ocr_line' id='line_1_26' title="bbox 283 3346 1178 3434; baseline 0.001 -23"><span class='ocrx_word' id='word_1_284' title='bbox 283 3356 470 3414; x_wconf 84' lang='lat' dir='ltr'>remanente</span> <span class='ocrx_word' id='word_1_285' title='bbox 485 3352 572 3415; x_wconf 86' lang='lat' dir='ltr'>inter</span> <span class='ocrx_word' id='word_1_286' title='bbox 585 3358 691 3415; x_wconf 87' lang='lat' dir='ltr'>cartas</span> <span class='ocrx_word' id='word_1_287' title='bbox 706 3354 741 3414; x_wconf 92' lang='lat' dir='ltr'>in</span> <span class='ocrx_word' id='word_1_288' title='bbox 757 3352 915 3434; x_wconf 91' lang='lat' dir='ltr'>principio</span> <span class='ocrx_word' id='word_1_289' title='bbox 929 3349 957 3433; x_wconf 90' lang='lat' dir='ltr'>ej</span> <span class='ocrx_word' id='word_1_290' title='bbox 963 3349 1075 3412; x_wconf 89' lang='lat' dir='ltr'>usdem</span> <span class='ocrx_word' id='word_1_291' title='bbox 1091 3346 1178 3412; x_wconf 89' lang='lat' dir='ltr'>libri.</span> 
     </span>
    </p>
   </div>
   <div class='ocr_carea' id='block_1_8' title="bbox 283 3473 1784 3826">
    <p class='ocr_par' dir='ltr' id='par_1_8' title="bbox 283 3473 1784 3826">
     <span class='ocr_line' id='line_1_27' title="bbox 326 3473 1783 3562; baseline -0.005 -18"><span class='ocrx_word' id='word_1_292' title='bbox 326 3482 371 3545; x_wconf 79' lang='lat' dir='ltr'>nt</span> <span class='ocrx_word' id='word_1_293' title='bbox 385 3490 559 3547; x_wconf 88' lang='lat' dir='ltr'>onerantur</span> <span class='ocrx_word' id='word_1_294' title='bbox 573 3483 614 3547; x_wconf 92' lang='lat' dir='ltr'>de</span> <span class='ocrx_word' id='word_1_295' title='bbox 628 3505 734 3549; x_wconf 64' lang='lat' dir='ltr'>xxva.</span> <span class='ocrx_word' id='word_1_296' title='bbox 750 3483 789 3547; x_wconf 88' lang='lat' dir='ltr'>de</span> <span class='ocrx_word' id='word_1_297' title='bbox 803 3482 916 3546; x_wconf 89' lang='lat' dir='ltr'>eodem</span> <span class='ocrx_word' id='word_1_298' title='bbox 933 3481 1055 3545; x_wconf 87' lang='lat' dir='ltr'>auxilio</span> <span class='ocrx_word' id='word_1_299' title='bbox 1070 3481 1282 3562; x_wconf 90' lang='lat' dir='ltr'>contingente</span> <span class='ocrx_word' id='word_1_300' title='bbox 1296 3477 1320 3562; x_wconf 84' lang='lat' dir='ltr'>j.</span> <span class='ocrx_word' id='word_1_301' title='bbox 1336 3477 1359 3544; x_wconf 85' lang='lat' dir='ltr'>f.</span> <span class='ocrx_word' id='word_1_302' title='bbox 1377 3498 1422 3542; x_wconf 90' lang='lat' dir='ltr'>m.</span> <span class='ocrx_word' id='word_1_303' title='bbox 1437 3473 1573 3554; x_wconf 86' lang='lat' dir='ltr'>ibidem,</span> <span class='ocrx_word' id='word_1_304' title='bbox 1588 3477 1670 3562; x_wconf 89' lang='lat' dir='ltr'>qnod</span> <span class='ocrx_word' id='word_1_305' title='bbox 1687 3475 1783 3539; x_wconf 86' lang='lat' dir='ltr'>abbas</span> 
     </span>
     <span class='ocr_line' id='line_1_28' title="bbox 283 3562 1784 3652; baseline -0.005 -20"><span class='ocrx_word' id='word_1_306' title='bbox 283 3569 323 3632; x_wconf 90' lang='lat' dir='ltr'>de</span> <span class='ocrx_word' id='word_1_307' title='bbox 339 3567 536 3634; x_wconf 87' lang='lat' dir='ltr'>Cirnecestre</span> <span class='ocrx_word' id='word_1_308' title='bbox 551 3575 585 3633; x_wconf 89' lang='lat' dir='ltr'>et</span> <span class='ocrx_word' id='word_1_309' title='bbox 599 3591 793 3634; x_wconf 87' lang='lat' dir='ltr'>successores</span> <span class='ocrx_word' id='word_1_310' title='bbox 808 3571 856 3633; x_wconf 90' lang='lat' dir='ltr'>sui</span> <span class='ocrx_word' id='word_1_311' title='bbox 875 3574 1055 3633; x_wconf 91' lang='lat' dir='ltr'>tenuerunt</span> <span class='ocrx_word' id='word_1_312' title='bbox 1071 3573 1105 3631; x_wconf 91' lang='lat' dir='ltr'>et</span> <span class='ocrx_word' id='word_1_313' title='bbox 1117 3567 1203 3652; x_wconf 89' lang='lat' dir='ltr'>quod</span> <span class='ocrx_word' id='word_1_314' title='bbox 1215 3565 1382 3650; x_wconf 88' lang='lat' dir='ltr'>predictus</span> <span class='ocrx_word' id='word_1_315' title='bbox 1396 3565 1556 3627; x_wconf 88' lang='lat' dir='ltr'>Henrions</span> <span class='ocrx_word' id='word_1_316' title='bbox 1569 3564 1611 3627; x_wconf 90' lang='lat' dir='ltr'>de</span> <span class='ocrx_word' id='word_1_317' title='bbox 1626 3562 1784 3647; x_wconf 85' lang='lat' dir='ltr'>Pynkeny</span> 
     </span>
     <span class='ocr_line' id='line_1_29' title="bbox 283 3651 1784 3826; baseline -0.004 -107"><span class='ocrx_word' id='word_1_318' title='bbox 283 3656 600 3826; x_wconf 50' lang='lat' dir='ltr'>pppipaptbppppgasit</span> <span class='ocrx_word' id='word_1_319' title='bbox 613 3658 758 3742; x_wconf 82' lang='lat' dir='ltr'>predicto</span> <span class='ocrx_word' id='word_1_320' title='bbox 772 3656 905 3720; x_wconf 92' lang='lat' dir='ltr'>domino</span> <span class='ocrx_word' id='word_1_321' title='bbox 921 3659 989 3742; x_wconf 88' lang='lat' dir='ltr'>regi</span> <span class='ocrx_word' id='word_1_322' title='bbox 1004 3657 1094 3720; x_wconf 88' lang='lat' dir='ltr'>dicto</span> <span class='ocrx_word' id='word_1_323' title='bbox 1110 3675 1193 3718; x_wconf 87' lang='lat' dir='ltr'>anno</span> <span class='ocrx_word' id='word_1_324' title='bbox 1208 3655 1301 3738; x_wconf 87' lang='lat' dir='ltr'>regni</span> <span class='ocrx_word' id='word_1_325' title='bbox 1317 3655 1367 3716; x_wconf 88' lang='lat' dir='ltr'>sui</span> <span class='ocrx_word' id='word_1_326' title='bbox 1383 3651 1480 3730; x_wconf 79' lang='lat' dir='ltr'>xxix0,</span> <span class='ocrx_word' id='word_1_327' title='bbox 1497 3651 1581 3714; x_wconf 90' lang='lat' dir='ltr'>sicut</span> <span class='ocrx_word' id='word_1_328' title='bbox 1599 3651 1784 3714; x_wconf 87' lang='lat' dir='ltr'>continetur</span> 
     </span>
    </p>
   </div>
   <div class='ocr_carea' id='block_1_9' title="bbox 284 3874 1785 4224">
    <p class='ocr_par' dir='ltr' id='par_1_9' title="bbox 284 3874 1785 4224">
     <span class='ocr_line' id='line_1_30' title="bbox 328 3874 1784 3961; baseline -0.003 -22"><span class='ocrx_word' id='word_1_329' title='bbox 328 3879 372 3942; x_wconf 86' lang='lat' dir='ltr'>Et</span> <span class='ocrx_word' id='word_1_330' title='bbox 387 3885 562 3943; x_wconf 86' lang='lat' dir='ltr'>onerantur</span> <span class='ocrx_word' id='word_1_331' title='bbox 577 3879 617 3942; x_wconf 89' lang='lat' dir='ltr'>de</span> <span class='ocrx_word' id='word_1_332' title='bbox 633 3901 716 3944; x_wconf 61' lang='lat' dir='ltr'>xxo.</span> <span class='ocrx_word' id='word_1_333' title='bbox 732 3880 771 3942; x_wconf 92' lang='lat' dir='ltr'>de</span> <span class='ocrx_word' id='word_1_334' title='bbox 786 3877 973 3961; x_wconf 83' lang='lat' dir='ltr'>hujusmodi</span> <span class='ocrx_word' id='word_1_335' title='bbox 987 3881 1110 3942; x_wconf 82' lang='lat' dir='ltr'>auxilio</span> <span class='ocrx_word' id='word_1_336' title='bbox 1125 3879 1335 3960; x_wconf 83' lang='lat' dir='ltr'>contingente</span> <span class='ocrx_word' id='word_1_337' title='bbox 1357 3875 1384 3959; x_wconf 93' lang='lat' dir='ltr'>j.</span> <span class='ocrx_word' id='word_1_338' title='bbox 1402 3876 1425 3940; x_wconf 82' lang='lat' dir='ltr'>f.</span> <span class='ocrx_word' id='word_1_339' title='bbox 1442 3895 1488 3939; x_wconf 91' lang='lat' dir='ltr'>m.</span> <span class='ocrx_word' id='word_1_340' title='bbox 1513 3874 1548 3936; x_wconf 90' lang='lat' dir='ltr'>in</span> <span class='ocrx_word' id='word_1_341' title='bbox 1573 3874 1784 3938; x_wconf 80' lang='lat' dir='ltr'>annswnnn</span> 
     </span>
     <span class='ocr_line' id='line_1_31' title="bbox 286 3958 1784 4051; baseline -0.007 -21"><span class='ocrx_word' id='word_1_342' title='bbox 286 3965 441 4050; x_wconf 87' lang='lat' dir='ltr'>predicta,</span> <span class='ocrx_word' id='word_1_343' title='bbox 453 3967 537 4051; x_wconf 92' lang='lat' dir='ltr'>quod</span> <span class='ocrx_word' id='word_1_344' title='bbox 555 3966 653 4051; x_wconf 90' lang='lat' dir='ltr'>Hugo</span> <span class='ocrx_word' id='word_1_345' title='bbox 668 3967 708 4030; x_wconf 89' lang='lat' dir='ltr'>de</span> <span class='ocrx_word' id='word_1_346' title='bbox 723 3966 923 4051; x_wconf 84' lang='lat' dir='ltr'>Dodyngsels</span> <span class='ocrx_word' id='word_1_347' title='bbox 935 3965 1097 4050; x_wconf 87' lang='lat' dir='ltr'>quondam</span> <span class='ocrx_word' id='word_1_348' title='bbox 1113 3965 1221 4028; x_wconf 92' lang='lat' dir='ltr'>tenuit</span> <span class='ocrx_word' id='word_1_349' title='bbox 1236 3973 1271 4026; x_wconf 91' lang='lat' dir='ltr'>et</span> <span class='ocrx_word' id='word_1_350' title='bbox 1286 3964 1371 4048; x_wconf 89' lang='lat' dir='ltr'>qnod</span> <span class='ocrx_word' id='word_1_351' title='bbox 1387 3962 1553 4046; x_wconf 87' lang='lat' dir='ltr'>predictus</span> <span class='ocrx_word' id='word_1_352' title='bbox 1570 3961 1727 4022; x_wconf 88' lang='lat' dir='ltr'>Henricus</span> <span class='ocrx_word' id='word_1_353' title='bbox 1744 3958 1784 4020; x_wconf 91' lang='lat' dir='ltr'>de</span> 
     </span>
     <span class='ocr_line' id='line_1_32' title="bbox 284 4047 1785 4137; baseline -0.005 -23"><span class='ocrx_word' id='word_1_354' title='bbox 284 4051 422 4137; x_wconf 82' lang='lat' dir='ltr'>Pynlrny</span> <span class='ocrx_word' id='word_1_355' title='bbox 437 4052 530 4116; x_wconf 90' lang='lat' dir='ltr'>dedit</span> <span class='ocrx_word' id='word_1_356' title='bbox 546 4061 581 4116; x_wconf 89' lang='lat' dir='ltr'>et</span> <span class='ocrx_word' id='word_1_357' title='bbox 595 4055 755 4117; x_wconf 80' lang='lat' dir='ltr'>concessit</span> <span class='ocrx_word' id='word_1_358' title='bbox 770 4055 919 4137; x_wconf 90' lang='lat' dir='ltr'>predicto</span> <span class='ocrx_word' id='word_1_359' title='bbox 934 4055 1067 4116; x_wconf 92' lang='lat' dir='ltr'>domino</span> <span class='ocrx_word' id='word_1_360' title='bbox 1082 4051 1237 4115; x_wconf 75' lang='lat' dir='ltr'>Eduardo</span> <span class='ocrx_word' id='word_1_361' title='bbox 1252 4051 1321 4112; x_wconf 90' lang='lat' dir='ltr'>filio</span> <span class='ocrx_word' id='word_1_362' title='bbox 1335 4051 1422 4135; x_wconf 86' lang='lat' dir='ltr'>regis</span> <span class='ocrx_word' id='word_1_363' title='bbox 1439 4048 1572 4110; x_wconf 89' lang='lat' dir='ltr'>Henrici</span> <span class='ocrx_word' id='word_1_364' title='bbox 1590 4047 1678 4109; x_wconf 90' lang='lat' dir='ltr'>dioto</span> <span class='ocrx_word' id='word_1_365' title='bbox 1700 4065 1785 4107; x_wconf 86' lang='lat' dir='ltr'>auno</span> 
     </span>
     <span class='ocr_line' id='line_1_33' title="bbox 285 4141 973 4224; baseline -0.003 -19"><span class='ocrx_word' id='word_1_366' title='bbox 285 4141 383 4219; x_wconf 81' lang='lat' dir='ltr'>xxix⁰,</span> <span class='ocrx_word' id='word_1_367' title='bbox 399 4141 484 4204; x_wconf 88' lang='lat' dir='ltr'>sicut</span> <span class='ocrx_word' id='word_1_368' title='bbox 498 4141 686 4205; x_wconf 89' lang='lat' dir='ltr'>continetur</span> <span class='ocrx_word' id='word_1_369' title='bbox 700 4152 764 4206; x_wconf 93' lang='lat' dir='ltr'>etc.</span> <span class='ocrx_word' id='word_1_370' title='bbox 784 4147 831 4219; x_wconf 85' lang='lat' dir='ltr'>(os</span> <span class='ocrx_word' id='word_1_371' title='bbox 847 4142 973 4224; x_wconf 85' lang='lat' dir='ltr'>before).</span> 
     </span>
    </p>
   </div>
   <div class='ocr_carea' id='block_1_10' title="bbox 633 4278 1432 4450">
    <p class='ocr_par' dir='ltr' id='par_1_10' title="bbox 633 4278 1432 4450">
     <span class='ocr_line' id='line_1_34' title="bbox 690 4278 1379 4363; baseline -0.003 -21"><span class='ocrx_word' id='word_1_372' title='bbox 690 4280 825 4342; x_wconf 81' lang='lat' dir='ltr'>Summa</span> <span class='ocrx_word' id='word_1_373' title='bbox 839 4280 1039 4344; x_wconf 87' lang='lat' dir='ltr'>oneracionis</span> <span class='ocrx_word' id='word_1_374' title='bbox 1052 4278 1191 4362; x_wconf 83' lang='lat' dir='ltr'>:—cij.e.</span> <span class='ocrx_word' id='word_1_375' title='bbox 1208 4278 1317 4363; x_wconf 62' lang='lat' dir='ltr'>viijb.</span> <span class='ocrx_word' id='word_1_376' title='bbox 1333 4278 1379 4341; x_wconf 92' lang='lat' dir='ltr'>ob.</span> 
     </span>
     <span class='ocr_line' id='line_1_35' title="bbox 633 4363 1432 4450; baseline 0.001 -21"><span class='ocrx_word' id='word_1_377' title='bbox 633 4367 768 4431; x_wconf 79' lang='lat' dir='ltr'>Summa</span> <span class='ocrx_word' id='word_1_378' title='bbox 782 4373 908 4450; x_wconf 87' lang='lat' dir='ltr'>recepte</span> <span class='ocrx_word' id='word_1_379' title='bbox 919 4368 1066 4431; x_wconf 77' lang='lat' dir='ltr'>z-rx.li.</span> <span class='ocrx_word' id='word_1_380' title='bbox 1084 4365 1200 4450; x_wconf 60' lang='lat' dir='ltr'>xiiiia.</span> <span class='ocrx_word' id='word_1_381' title='bbox 1217 4363 1305 4450; x_wconf 57' lang='lat' dir='ltr'>iijrl.</span> <span class='ocrx_word' id='word_1_382' title='bbox 1323 4365 1370 4428; x_wconf 91' lang='lat' dir='ltr'>ob.</span> <span class='ocrx_word' id='word_1_383' title='bbox 1387 4369 1432 4446; x_wconf 66' lang='grc' dir='ltr'>ρ’.</span> 
     </span>
    </p>
   </div>
   <div class='ocr_carea' id='block_1_11' title="bbox 782 4579 1288 4593">
    <p class='ocr_par' dir='ltr' id='par_1_11' title="bbox 782 4579 1288 4593">
     <span class='ocr_line' id='line_1_36' title="bbox 782 4579 1288 4593; baseline 0 -5"><span class='ocrx_word' id='word_1_384' title='bbox 782 4579 1288 4593; x_wconf 42' lang='grc' dir='ltr'>ῌἈ-ῌῳ--μ-</span> 
     </span>
    </p>
   </div>
   <div class='ocr_carea' id='block_1_12' title="bbox 742 4732 1338 4986">
    <p class='ocr_par' dir='ltr' id='par_1_12' title="bbox 742 4732 1338 4986">
     <span class='ocr_line' id='line_1_37' title="bbox 906 4732 1169 4806; baseline 0 0"><span class='ocrx_word' id='word_1_385' title='bbox 906 4735 1002 4806; x_wconf 73' lang='lat' dir='ltr'>AD.</span> <span class='ocrx_word' id='word_1_386' title='bbox 1046 4732 1169 4806; x_wconf 79' lang='lat'>1346.</span> 
     </span>
     <span class='ocr_line' id='line_1_38' title="bbox 742 4918 1338 4986; baseline -0.005 0"><span class='ocrx_word' id='word_1_387' title='bbox 742 4922 964 4986; x_wconf 80' lang='lat' dir='ltr'>Huunannnn</span> <span class='ocrx_word' id='word_1_388' title='bbox 986 4939 1029 4983; x_wconf 84' lang='lat' dir='ltr'>nn</span> <span class='ocrx_word' id='word_1_389' title='bbox 1053 4918 1338 4986; x_wconf 82' lang='lat' dir='ltr'>BANNEBURY.</span> 
     </span>
    </p>
   </div>
   <div class='ocr_carea' id='block_1_13' title="bbox 287 5041 1790 5493">
    <p class='ocr_par' dir='ltr' id='par_1_13' title="bbox 287 5041 1790 5493">
     <span class='ocr_line' id='line_1_39' title="bbox 331 5041 1789 5143; baseline -0.01 -24"><span class='ocrx_word' id='word_1_390' title='bbox 331 5056 510 5139; x_wconf 92' lang='lat' dir='ltr'>Inquisicio</span> <span class='ocrx_word' id='word_1_391' title='bbox 538 5060 635 5139; x_wconf 86' lang='lat' dir='ltr'>capta</span> <span class='ocrx_word' id='word_1_392' title='bbox 664 5058 752 5143; x_wconf 87' lang='lat' dir='ltr'>apud</span> <span class='ocrx_word' id='word_1_393' title='bbox 782 5057 950 5121; x_wconf 85' lang='lat' dir='ltr'>Swalclive</span> <span class='ocrx_word' id='word_1_394' title='bbox 979 5055 1032 5118; x_wconf 87' lang='lat' dir='ltr'>die</span> <span class='ocrx_word' id='word_1_395' title='bbox 1062 5058 1197 5121; x_wconf 88' lang='lat' dir='ltr'>Veneris</span> <span class='ocrx_word' id='word_1_396' title='bbox 1237 5057 1383 5142; x_wconf 83' lang='lat' dir='ltr'>proxima</span> <span class='ocrx_word' id='word_1_397' title='bbox 1413 5061 1486 5138; x_wconf 89' lang='lat' dir='ltr'>post</span> <span class='ocrx_word' id='word_1_398' title='bbox 1524 5050 1646 5114; x_wconf 89' lang='lat' dir='ltr'>festum</span> <span class='ocrx_word' id='word_1_399' title='bbox 1677 5041 1789 5143; x_wconf 77' lang='lat' dir='ltr'>Sancti</span> 
     </span>
     <span class='ocr_line' id='line_1_40' title="bbox 287 5130 1789 5232; baseline -0.011 -23"><span class='ocrx_word' id='word_1_400' title='bbox 287 5145 411 5224; x_wconf 85' lang='lat' dir='ltr'>Jsoobi,</span> <span class='ocrx_word' id='word_1_401' title='bbox 427 5145 588 5229; x_wconf 88' lang='lat' dir='ltr'>Apostoli,</span> <span class='ocrx_word' id='word_1_402' title='bbox 612 5165 719 5209; x_wconf 90' lang='lat' dir='ltr'>coram</span> <span class='ocrx_word' id='word_1_403' title='bbox 745 5144 895 5209; x_wconf 87' lang='lat' dir='ltr'>Johanne</span> <span class='ocrx_word' id='word_1_404' title='bbox 910 5141 1112 5232; x_wconf 78' lang='lat' dir='ltr'>D[ymmok]</span> <span class='ocrx_word' id='word_1_405' title='bbox 1134 5155 1170 5212; x_wconf 90' lang='lat' dir='ltr'>et</span> <span class='ocrx_word' id='word_1_406' title='bbox 1196 5146 1291 5210; x_wconf 88' lang='lat' dir='ltr'>sociis</span> <span class='ocrx_word' id='word_1_407' title='bbox 1322 5146 1400 5222; x_wconf 87' lang='lat' dir='ltr'>sois,</span> <span class='ocrx_word' id='word_1_408' title='bbox 1425 5136 1650 5205; x_wconf 84' lang='lat' dir='ltr'>collectoribus</span> <span class='ocrx_word' id='word_1_409' title='bbox 1675 5130 1789 5229; x_wconf 77' lang='lat' dir='ltr'>nuriln</span> 
     </span>
     <span class='ocr_line' id='line_1_41' title="bbox 289 5228 1790 5320; baseline -0.005 -24"><span class='ocrx_word' id='word_1_410' title='bbox 289 5233 506 5318; x_wconf 83' lang='lat' dir='ltr'>quadraginta</span> <span class='ocrx_word' id='word_1_411' title='bbox 521 5233 699 5298; x_wconf 90' lang='lat' dir='ltr'>solidorum</span> <span class='ocrx_word' id='word_1_412' title='bbox 714 5234 756 5297; x_wconf 90' lang='lat' dir='ltr'>de</span> <span class='ocrx_word' id='word_1_413' title='bbox 771 5234 910 5319; x_wconf 87' lang='lat' dir='ltr'>singulis</span> <span class='ocrx_word' id='word_1_414' title='bbox 922 5232 1028 5296; x_wconf 83' lang='lat' dir='ltr'>feodis</span> <span class='ocrx_word' id='word_1_415' title='bbox 1044 5234 1192 5300; x_wconf 90' lang='lat' dir='ltr'>militum</span> <span class='ocrx_word' id='word_1_416' title='bbox 1208 5234 1342 5299; x_wconf 92' lang='lat' dir='ltr'>domino</span> <span class='ocrx_word' id='word_1_417' title='bbox 1356 5233 1425 5318; x_wconf 89' lang='lat' dir='ltr'>regi</span> <span class='ocrx_word' id='word_1_418' title='bbox 1441 5228 1584 5292; x_wconf 87' lang='lat' dir='ltr'>concessi</span> <span class='ocrx_word' id='word_1_419' title='bbox 1599 5240 1684 5320; x_wconf 78' lang='lat' dir='ltr'>anno¹</span> <span class='ocrx_word' id='word_1_420' title='bbox 1698 5236 1790 5318; x_wconf 50' lang='lat' dir='ltr'>regin</span> 
     </span>
     <span class='ocr_line' id='line_1_42' title="bbox 288 5309 1790 5412; baseline -0.004 -28"><span class='ocrx_word' id='word_1_421' title='bbox 288 5322 373 5406; x_wconf 88' lang='lat' dir='ltr'>regis</span> <span class='ocrx_word' id='word_1_422' title='bbox 389 5320 539 5385; x_wconf 83' lang='lat' dir='ltr'>Edwardi</span> <span class='ocrx_word' id='word_1_423' title='bbox 554 5323 649 5385; x_wconf 89' lang='lat' dir='ltr'>tercii</span> <span class='ocrx_word' id='word_1_424' title='bbox 666 5333 739 5407; x_wconf 87' lang='lat' dir='ltr'>post</span> <span class='ocrx_word' id='word_1_425' title='bbox 752 5329 965 5406; x_wconf 89' lang='lat' dir='ltr'>conquestum</span> <span class='ocrx_word' id='word_1_426' title='bbox 981 5320 1137 5388; x_wconf 86' lang='lat' dir='ltr'>vicesimo</span> <span class='ocrx_word' id='word_1_427' title='bbox 1158 5326 1274 5410; x_wconf 91' lang='lat' dir='ltr'>primo,</span> <span class='ocrx_word' id='word_1_428' title='bbox 1299 5341 1355 5404; x_wconf 86' lang='lat' dir='ltr'>per</span> <span class='ocrx_word' id='word_1_429' title='bbox 1382 5323 1622 5385; x_wconf 84' lang='lat' dir='ltr'>sacramentum</span> <span class='ocrx_word' id='word_1_430' title='bbox 1640 5309 1790 5412; x_wconf 31' lang='lat' dir='ltr'>,Summus</span> 
     </span>
     <span class='ocr_line' id='line_1_43' title="bbox 288 5392 1789 5493; baseline -0.007 -17"><span class='ocrx_word' id='word_1_431' title='bbox 288 5410 329 5476; x_wconf 88' lang='lat' dir='ltr'>de</span> <span class='ocrx_word' id='word_1_432' title='bbox 375 5455 695 5493; x_wconf 85' lang='lat'>.......</span> <span class='ocrx_word' id='word_1_433' title='bbox 711 5409 869 5477; x_wconf 80' lang='lat' dir='ltr'>Johannis</span> <span class='ocrx_word' id='word_1_434' title='bbox 885 5407 1079 5490; x_wconf 84' lang='lat' dir='ltr'>Mareschal,</span> <span class='ocrx_word' id='word_1_435' title='bbox 1097 5413 1252 5484; x_wconf 82' lang='lat' dir='ltr'>Willelmi</span> <span class='ocrx_word' id='word_1_436' title='bbox 1267 5413 1308 5476; x_wconf 89' lang='lat' dir='ltr'>de</span> <span class='ocrx_word' id='word_1_437' title='bbox 1325 5409 1482 5484; x_wconf 80' lang='lat' dir='ltr'>Waloote,</span> <span class='ocrx_word' id='word_1_438' title='bbox 1507 5405 1666 5470; x_wconf 81' lang='lat' dir='ltr'>Jobanms</span> <span class='ocrx_word' id='word_1_439' title='bbox 1681 5413 1715 5457; x_wconf 84' lang='lat'>111</span> <span class='ocrx_word' id='word_1_440' title='bbox 1731 5392 1789 5457; x_wconf 67' lang='lat' dir='ltr'>the</span> 
     </span>
    </p>
   </div>
   <div class='ocr_carea' id='block_1_14' title="bbox 0 0 2079 6209">
    <p class='ocr_par' dir='ltr' id='par_1_14' title="bbox 0 0 2079 6209">
     <span class='ocr_line' id='line_1_44' title="bbox 0 0 2079 6209; baseline 0 0"><span class='ocrx_word' id='word_1_441' title='bbox 0 0 2079 6209; x_wconf 95' lang='lat' dir='ltr'> </span> 
     </span>
    </p>
   </div>
  </div>
 </body>
</html>
