4117 6209
900 655 983 721 A.D.
1009 658 1104 721 1428.

924 945 1111 1009 temtursd
1360 944 1542 1009 subsidium

295 1094 443 1159 Ecclesia
457 1092 499 1157 de
515 1093 714 1162 Ksnossuon
733 1095 892 1162 Sunuoun
969 1116 1021 1162 xx.
1033 1118 1110 1161 mro.
1318 1096 1442 1181 xxvii.
1460 1095 1566 1180 viijd.

383 1294 391 1322 ‚
512 1243 666 1312 cnmnos
969 1247 1115 1332 xijonrc.
1316 1247 1415 1334 xvj.s.

370 1433 392 1466 ‚,
517 1388 861 1457 §consumtum
970 1412 1037 1457 cs.
1317 1388 1523 1477 vj.s.vii1'.d-.

385 1576 393 1604 ,
516 1526 757 1592 Ponunsnuvnu
968 1529 1114 1682 nlilirz·
1130 1550 1198 1595 v.s.
1317 1529 1420 1616 xvj.s.
1437 1526 1519 1613 vid.
1537 1528 1585 1590 ob.

1011 1637 1075 1701 qu.
1111 1666 1118 1681 .

406 1751 525 1816 Pensio
560 1751 697 1817 ecclesie
733 1751 775 1816 de
809 1752 899 1817 West
1323 1800 1329 1813 .

450 1840 614 1923 Hmpetre
627 1840 664 1903 in
678 1840 793 1904 eadem
970 1819 1074 1885 vuJ.s.
1320 1798 1403 1865 ind.
1423 1798 1470 1865 ob.
1488 1804 1530 1881 q‘.

370 2031 390 2063 ,‚
511 1986 688 2052 Ponunons
970 2009 1104 2054 sumre.
1319 2012 1370 2055 xx.
1384 2014 1409 2055 s.

370 2179 391 2209 ,,
514 2130 664 2197 Cnossos
971 2133 1124 2219 viijmzrc.
1319 2136 1399 2222 vis.
1416 2135 1526 2220 viijd.

513 2274 698 2339 uminum
970 2272 1014 2337 ix.
1023 2294 1100 2339 unco.
1320 2274 1364 2360 vj.
1375 2296 1402 2342 s.
1417 2273 1525 2359 viiio.

371 2463 393 2495 ‚‚
512 2418 763 2486 Wnoonnsnsnn
825 2437 900 2481 oum

559 2504 682 2588 capella

907 2424 921 2572 l
970 2462 1155 2547 xxxijanrc.
1320 2463 1423 2549 xlij..s
1439 2462 1551 2549 viij.cl.

512 2650 696 2716 Bsowsnnn
970 2670 1023 2715 xv.
1030 2672 1107 2717 nire.
1321 2674 1406 2717 xxc.

372 2841 394 2875 ,‚
514 2795 721 2861 Remusnsu
784 2816 858 2859 cum
906 2795 921 2964 Ι
971 2837 1077 2906 Lm
1321 2838 1557 2926 lxvjlmfipd·

558 2883 681 2966 capelle

407 3016 538 3082 Vinaria
554 3017 702 3099 ejusdem
972 3041 1033 3083 os.
1322 3042 1387 3084 ns.

375 3209 397 3242 ‚,
515 3162 625 3230 Asson
969 3163 1133 3248 xvij.uu·c.
1319 3164 1431 3248 xxijs.
1448 3163 1558 3249 viiic.

409 3309 537 3373 Viosria
551 3308 698 3395 ejusdem
971 3307 1125 3394 viijouro.
1321 3330 1385 3373 ms.
1403 3308 1513 3392 viijd.

389 3504 397 3529 ‚
517 3452 745 3517 Bennmsnnn
827 3470 902 3513 cum

560 3537 682 3620 capelln
696 3542 730 3600 et
745 3538 902 3620 pensione
973 3580 1025 3642 ln
1043 3602 1109 3644 mre

562 3645 660 3709 quam
705 3624 843 3706 percipit
884 3644 903 3686 u
1028 3628 1037 3645 ‘
1113 3629 1119 3643 '

563 3713 683 3775 viceris
697 3710 847 3798 ejusdem

1322 3578 1468 3665 niuji.
1486 3580 1584 3666 siju.

259 3872 294 3929 et
322 3884 388 3928 non
418 3864 491 3947 plus
519 3884 557 3926 eo
582 3863 668 3945 quod
694 3882 767 3945 pers
797 3864 1063 3945 parochianorum
1092 3861 1256 3945 quondum
1287 3862 1374 3925 dicte
1400 3862 1535 3925 ecclesie
1560 3862 1655 3927 modo
1678 3871 1755 3929 sunt

259 3950 446 4037 parochiani
468 3951 601 4014 ecclesie
624 3951 737 4016 annu
763 3949 877 4015 Msmn
900 3951 941 4012 de
965 3952 1134 4015 Rnncmss
1150 3951 1183 4012 in
1200 3950 1302 4035 burgo
1317 3951 1528 4029 Bmsnonnm,
1545 3970 1607 4033 que
1622 3952 1755 4035 quidem

257 4040 393 4103 ecclesis
407 4058 472 4102 non
488 4038 660 4102 taxabatur
674 4039 709 4100 in
724 4038 863 4119 entiquo
880 4040 1017 4121 registro
1033 4046 1083 4099 set
1097 4036 1193 4100 modo
1208 4046 1341 4101 taxatur
1355 4057 1413 4120 per
1437 4039 1686 4121 inquisicionem
1712 4040 1755 4103 ed

260 4126 329 4213 viij.
340 4129 374 4190 li.
391 4128 477 4189 sicut
498 4126 685 4188 continetur
706 4126 740 4187 in
757 4130 907 4206 compoto
924 4122 1059 4187 Walteri
1076 4123 1206 4200 Milton,
1225 4125 1369 4204 senioris,
1386 4130 1419 4188 et
1435 4127 1595 4188 sociorum
1610 4146 1755 4207 suorum,

258 4214 464 4277 collectorum
479 4210 667 4297 hujusmodi
682 4211 817 4275 subsidii
833 4212 917 4275 infra
931 4210 1072 4296 burgum
1087 4212 1271 4294 predictum
1287 4213 1343 4275 ubi
1359 4232 1548 4296 responsum
1565 4220 1615 4277 est
1631 4216 1700 4297 regi
1715 4214 1755 4277 de

258 4302 357 4387 svis.
374 4301 415 4474 pe
442 4299 587 4472 subsidiq
610 4299 879 4383 parochianorum
902 4300 1123 4381 predictorum
1152 4296 1357 4385 [cancellos]
1404 4300 1688 4382 Superonersntur
1715 4301 1757 4365 de

260 4409 358 4475 xvps.
395 4410 571 4470 tumorque
597 4437 604 4451 .

304 4555 354 4619 De
379 4555 488 4638 aliquo
511 4555 655 4618 subsidio
681 4552 947 4637 parochianorum
974 4551 1106 4614 ecclesie
1129 4552 1301 4616 Benacum
1326 4571 1391 4613 non
1408 4552 1602 4634 respondent
1617 4573 1654 4614 eo
1670 4554 1757 4638 quod

260 4644 395 4707 ecelesia
409 4642 530 4706 ibidem
545 4648 673 4705 texetur
687 4662 743 4724 per
757 4640 1007 4723 inquisicionem
1022 4639 1057 4700 iu
1072 4638 1206 4701 civitate
1217 4638 1389 4703 Bsnnonns
1403 4640 1523 4701 virtute
1539 4641 1758 4703 concessionis

261 4731 450 4816 hujusmodi
474 4729 612 4793 subsidii
640 4729 786 4811 superius
812 4730 846 4789 in
873 4726 1035 4789 decanatu
1062 4723 1221 4787 Bathonie
1246 4725 1303 4787 ubi
1331 4744 1517 4807 responsum
1543 4730 1594 4789 est
1619 4728 1688 4811 regi
1714 4728 1755 4790 de

262 4818 407 4881 subsidio
422 4837 544 4896 esrum,
559 4836 597 4879 ac
612 4836 670 4899 pro
684 4836 722 4878 eo
737 4815 823 4899 quod
838 4814 928 4876 dicta
944 4812 1081 4875 ecclesis
1102 4819 1150 4875 est
1176 4832 1241 4874 une
1267 4813 1474 4875 eeclesiarum
1499 4811 1674 4878 earundem
1700 4835 1758 4897 per

261 4905 511 4990 inquisicionem
527 4908 590 4968 etc.
613 4899 816 4989 [cancellati]
861 4900 1142 4983 Superonersntur
1157 4899 1197 4963 de
1213 4920 1242 4965 v.
1250 4922 1275 4965 s.
1298 4898 1347 4986 [in
1362 4896 1518 4986 mespili}
1679 4900 1682 4906 ’

303 5072 372 5134 Neo
407 5069 604 5154 respondent
642 5069 681 5133 de
717 5069 826 5154 aliquo
855 5066 1043 5154 hujusmodi
1080 5066 1224 5130 subsidio
1255 5064 1521 5150 parochianorum
1553 5068 1686 5133 ecclesie
1716 5069 1756 5132 de

260 5158 451 5237 Hennensis,
481 5178 518 5221 eo
548 5157 633 5243 quod
663 5157 779 5220 eadem
809 5156 943 5219 ecclesis
974 5160 1105 5217 taxatur
1133 5157 1221 5217 inter
1252 5156 1446 5240 dignitates,
1468 5164 1499 5217 et
1530 5156 1616 5238 quod
1644 5155 1756 5219 eadem

259 5246 394 5310 ecclesia
409 5248 444 5308 in
459 5246 525 5309 isto
539 5245 698 5308 decanatu
714 5256 749 5308 et
763 5244 969 5327 infrascripta
984 5242 1118 5305 ecclesis
1133 5242 1172 5304 ds
1187 5241 1369 5308 Hennensis
1385 5244 1470 5305 inter
1485 5243 1665 5328 dignitates
1680 5252 1758 5306 sunt

261 5353 360 5396 unum
384 5342 420 5395 et
445 5332 535 5395 idem
566 5340 600 5395 et
616 5351 689 5395 non
715 5332 854 5410 diverse,
871 5336 909 5394 ut
936 5329 1053 5393 dicunt
1079 5335 1141 5394 etc.
1165 5326 1370 5415 [concelled].
1417 5330 1697 5413 Superonersntur
1719 5333 1758 5393 de

261 5422 376 5505 xvij.s.
392 5417 494 5506 iiijmd
518 5416 567 5505 [in
584 5416 742 5505 scorpius}
843 5416 851 5431 ⁶
