4117 6209
895 704 910 719 ·
935 667 1019 733 al).
1046 668 1140 731 1431.
1722 662 1786 725 425

309 942 480 1009 ¹Domirius
493 947 680 1013 de'Ferrers
696 950 760 1011 fuit
776 950 909 1012 seisitus
921 953 984 1015 cte.
1002 951 1042 1014 de
1057 948 1213 1013 maneriis
1235 948 1278 1013 de
1302 950 1501 1017 emanares
1528 947 1727 1014 Massacaos
1750 951 1782 1009 et

278 1030 413 1132 Nostros
428 1054 629 1182 cumfeorum
643 1038 868 1121 pertinenciis,
882 1044 916 1101 et
930 1038 988 1101 illa
1003 1039 1146 1101 maneria
1163 1059 1236 1100 cum
1252 1058 1364 1101 eorum
1380 1036 1589 1119 pertinenciis
1604 1036 1714 1098 tenuit
1728 1054 1785 1118 per

280 1137 451 1182 servieram
466 1142 490 1205 1.
522 1144 591 1187 .m.
1167 1172 1171 1181 .
1760 1150 1762 1155 ’

323 1255 506 1320 Menenium
530 1258 570 1322 de
592 1260 725 1325 Esraor
748 1282 822 1323 cum
847 1263 1056 1343 pertinenciis
1078 1262 1111 1323 in
1135 1260 1303 1324 hundredo
1327 1261 1368 1325 de
1391 1259 1515 1322 Bruton
1539 1261 1603 1321 fuit
1629 1260 1663 1322 in
1686 1279 1786 1321 mann

278 1341 402 1405 domini
431 1346 517 1428 regis
547 1349 673 1410 racione
707 1350 842 1413 minoris
870 1351 969 1412 etatis
999 1348 1124 1411 'Phome
1155 1349 1294 1427 RusseH,
1327 1349 1387 1411 filii
1418 1355 1452 1410 et
1475 1345 1602 1411 heredis
1634 1346 1785 1409 Mauricii

280 1429 418 1509 Russeli‚
435 1432 561 1512 militis,
578 1440 612 1496 et
628 1441 757 1499 tenetur
772 1456 829 1520 per
843 1437 1003 1500 decimam
1019 1445 1145 1520 partem
1162 1437 1188 1522 j.
1206 1436 1228 1500 f.
1246 1459 1290 1503 m.

325 1564 614 1654 hwmmm.

590 1804 796 1893 [Hunnanaa
819 1831 863 1874 na
884 1809 1041 1877 FROME
1067 1832 1109 1876 sn
1131 1806 1488 1895 KINEMERSDONss]

332 1943 508 2026 Inquisicio
530 1950 625 2027 capta
645 1947 732 2027 apud
748 1946 955 2009 Yvelchestre
976 1955 1039 2012 etc.
1066 1954 1113 2025 (aa
1137 1950 1263 2032 before),
1286 1968 1344 2031 per
1367 1955 1604 2010 sacramentum
1627 1942 1786 2007 Johannis

286 2028 459 2107 Pederton,
475 2031 609 2097 Walteri
623 2032 760 2115 Turvey,
776 2034 933 2096 Johannis
949 2034 1104 2111 Samnell,
1122 2036 1270 2121 junioris,
1293 2034 1437 2117 Philippi
1462 2034 1602 2117 Loryng,
1626 2032 1787 2095 Johaunis

284 2115 392 2195 Batte,
410 2116 567 2180 Johannis
589 2118 677 2201 May,
692 2121 817 2183 Thome
841 2121 964 2200 Heracli,
980 2121 1140 2185 Johannis
1163 2120 1294 2203 Smyth,
1309 2122 1463 2189 Willelmi
1488 2120 1624 2203 Janyns,
1639 2117 1786 2204 Philippi

283 2203 405 2281 werre,
422 2204 581 2267 Johannis
597 2206 700 2284 Hills,
716 2207 847 2270 Ricardi
862 2209 977 2285 Wene,
990 2218 1025 2271 et
1041 2211 1110 2273 Ade
1126 2210 1247 2287 Brouu,
1262 2209 1318 2293 qui
1334 2209 1451 2271 dicunt
1466 2214 1528 2273 etc.
1545 2207 1632 2291 quod
1646 2230 1700 2271 :—

328 2376 487 2441 Robertus
513 2380 711 2463 Leversegge
734 2382 774 2444 de
798 2381 915 2444 Frome
938 2382 1085 2447 Branche
1108 2383 1142 2446 iu
1168 2386 1330 2447 comitatu
1347 2382 1540 2460 Somersete,
1557 2380 1789 2467 armiger‚fuit

283 2466 413 2527 seisitus
427 2475 490 2529 etc.
508 2466 548 2529 de
570 2472 668 2529 certis
692 2470 786 2531 terris
807 2474 843 2531 et
865 2471 1064 2533 tenementis
1087 2472 1122 2533 in
1146 2472 1265 2537 Faosrn
1288 2472 1458 2547 Barnous,
1483 2475 1519 2532 et
1541 2468 1599 2532 illa
1625 2480 1727 2532 terras
1753 2477 1787 2531 et

285 2558 472 2615 tenementa
489 2556 599 2615 tenuit
613 2575 671 2637 per
686 2555 859 2618 servicium
874 2557 898 2641 j.
915 2558 937 2619 f.
952 2580 997 2622 rn.

328 2689 492 2753 Johannes
506 2690 660 2754 Stourton
676 2692 718 2755 de
733 2693 887 2757 Stourton
904 2697 938 2757 in
954 2697 1115 2759 comitatu
1126 2696 1322 2773 Wiltescire,
1335 2694 1488 2777 chivaler‚
1499 2693 1564 2756 fuit
1579 2694 1708 2756 seisitus
1724 2700 1787 2765 etc.

286 2777 327 2840 de
351 2781 493 2841 manerio
516 2779 556 2841 de
579 2779 739 2846 Maasron
761 2782 884 2859 Brenn,
899 2791 932 2845 et
955 2784 1037 2846 iilud
1063 2784 1247 2847 manerium
1271 2803 1345 2845 cum
1361 2784 1426 2846 suis
1453 2781 1665 2865 pertinenciis
1681 2783 1790 2844 tenuit

286 2885 341 2947 per
354 2867 531 2929 servicium
547 2873 658 2929 octave
673 2869 776 2950 partis
791 2869 815 2953 j.
832 2868 854 2933 f.
870 2891 915 2934 m.

328 3001 481 3078 Thomas,
503 3004 654 3065 dominus
675 3003 715 3066 de
739 3004 770 3067 la
796 3004 913 3084 Suche,
938 3005 1004 3069 fuit
1028 3008 1161 3070 seisitus
1187 3011 1249 3071 etc.
1274 3007 1314 3069 de
1345 3006 1489 3069 manerio
1519 3006 1560 3068 de
1590 3006 1685 3073 Roas
1715 3028 1790 3069 cum

286 3090 493 3239 perstineuciis
514 3092 591 3167 suis,
616 3096 650 3153 et
673 3090 755 3153 iilud
777 3095 960 3155 manerium
982 3115 1057 3156 cum
1080 3096 1147 3157 suis
1170 3095 1382 3178 pertinenciis
1404 3094 1514 3156 tenuit
1534 3113 1591 3176 per
1614 3094 1789 3157 servicium

287 3198 312 3261 1·
344 3197 413 3242 ·m·
1611 3196 1613 3201 ’

329 3313 433 3375 David
459 3313 660 3396 Servyngton
684 3313 723 3375 de
747 3315 929 3399 langeford
951 3318 986 3377 in
1009 3318 1168 3379 comitatu
1190 3317 1387 3391 wiltescire,
1403 3317 1552 3398 armiger,
1567 3315 1638 3401 fnit
1659 3316 1790 3379 seisitus

288 3415 351 3462 etc.
367 3400 407 3462 de
422 3401 566 3463 manerio
581 3405 622 3462 de
637 3401 830 3466 Wrasransn
845 3423 918 3465 cum
935 3407 1001 3466 suis
1017 3404 1241 3485 pertinenciis,
1259 3412 1293 3466 et
1315 3404 1396 3465 iliud
1420 3404 1602 3465 manerium
1625 3424 1698 3465 cum
1724 3404 1790 3465 suis

288 3488 495 3570 pertinenciis
510 3488 618 3550 tenuit
634 3506 690 3570 per
704 3489 875 3551 servicium
892 3497 1007 3575 quarte
1022 3492 1125 3574 partis
1139 3491 1163 3575 j.
1181 3490 1203 3553 i.
1221 3512 1266 3555 m.

332 3623 528 3689 Humiridus
543 3623 695 3702 Stafford,
712 3622 863 3704 chivaler‚
877 3626 917 3688 de
933 3625 1048 3689 Hooire
1063 3628 1099 3690 in
1114 3628 1273 3689 comitatu
1290 3624 1436 3706 torsere,
1448 3627 1513 3688 fuit
1529 3627 1659 3689 seisitus
1675 3629 1738 3711 etc.
1751 3628 1793 3690 de

289 3715 386 3774 certis
408 3714 504 3778 terris
525 3719 561 3773 et
582 3712 779 3774 tenementis
801 3715 836 3775 in
859 3714 970 3791 Enna,
994 3725 1029 3776 et
1050 3715 1163 3777 eadem
1196 3720 1296 3776 terras
1329 3721 1364 3776 et
1388 3719 1575 3777 tenemento
1601 3714 1711 3777 tenuit
1735 3735 1793 3797 per

284 3799 462 3861 servicium
479 3804 593 3881 quarte
608 3799 711 3882 partis
725 3799 750 3883 j.
766 3800 789 3863 f.
806 3822 851 3864 rn.

334 3935 509 4014 Johannes,
523 3936 674 4001 dominus
695 3937 735 3999 de
759 3937 907 4019 Typtoit,
932 3938 1074 4001 existens
1096 3940 1131 4001 in
1155 3938 1301 4021 partibus
1325 3936 1553 4001 transmarinis
1578 3937 1613 3999 in
1639 3938 1794 4001 comitiva

290 4026 414 4087 domini
437 4025 535 4105 regis,
549 4023 612 4086 fuit
635 4024 766 4086 seisitus
788 4031 849 4088 etc.
867 4025 907 4088 de
930 4027 1074 4088 manerio
1100 4025 1140 4088 de
1156 4025 1331 4091 staaron
1347 4046 1423 4088 cum
1438 4026 1651 4109 pertinenciis
1667 4027 1745 4101 suis,
1760 4029 1795 4089 et

292 4111 375 4174 illud
391 4111 571 4174 manerium
586 4132 660 4173 cum
676 4112 744 4172 suis
759 4113 972 4194 pertinenciis
987 4115 1099 4176 tenuit
1114 4133 1172 4195 per
1188 4114 1361 4175 servicium
1376 4120 1490 4195 quarte
1505 4114 1608 4196 partis
1622 4112 1646 4198 j
1662 4112 1686 4177 f.
1702 4134 1747 4177 m.

337 4248 475 4310 Isabelia
489 4245 608 4331 Erlegh
624 4246 665 4310 de
681 4246 877 4331 Bekyugton
893 4250 926 4309 in
941 4232 1107 4311 comitatu
1118 4248 1311 4322 Somersete,
1326 4248 1454 4326 wedow,
1469 4248 1534 4311 fuit
1550 4249 1662 4312 seisita
1676 4254 1737 4313 etc.
1754 4248 1794 4311 de

293 4335 502 4437 certis'terris
517 4343 550 4483 <pt
567 4336 762 4398 tenementis
777 4335 813 4397 in
827 4335 1042 4414 Basrneron,
1059 4344 1092 4400 et
1108 4337 1222 4400 eadem
1239 4341 1340 4399 terras
1355 4343 1390 4399 et
1405 4342 1595 4399 tenementa
1610 4337 1719 4398 tenuit
1740 4356 1796 4419 per

293 4443 467 4489 servicium
482 4444 507 4507 J.
540 4472 547 4487 .
564 4444 610 4487 m.

320 4558 488 4635 Thomas,
509 4579 615 4620 comes
638 4557 801 4636 Devonie,
816 4560 880 4621 fuit
905 4561 1036 4623 seisitus
1069 4568 1131 4625 etc.
1155 4561 1195 4623 de
1228 4560 1372 4622 manerio
1404 4558 1445 4621 de
1476 4558 1687 4623 Hsnvnuron
1721 4578 1795 4622 cum

295 4648 504 4732 pertinenciis
527 4646 603 4723 suis,
625 4653 661 4708 et
682 4646 764 4707 illud
787 4648 967 4710 manerium
990 4670 1064 4711 cum
1088 4649 1155 4711 suis
1178 4648 1388 4730 pertinenciis
1411 4647 1522 4709 tenuit
1543 4665 1601 4727 per
1623 4645 1797 4709 servicium

294 4743 408 4821 quarte
423 4734 524 4817 partis
538 4734 562 4818 j.
580 4735 602 4798 f.
619 4754 664 4797 m.
1525 4750 1527 4755 ·

338 4873 503 4935 Johannes
535 4870 696 4946 Denham,
729 4867 881 4944 chivaler,
902 4870 942 4933 de
974 4871 1125 4934 Netewiil
1157 4875 1190 4934 in
1223 4870 1383 4933 comitatu
1416 4868 1561 4931 Devonie
1592 4870 1733 4932 existens
1762 4872 1797 4932 in

297 4960 443 5042 partibus
465 4958 689 5020 transmarinis
712 4958 744 5017 in
769 4955 924 5019 comitiva
945 4959 1069 5021 domini
1092 4962 1189 5043 regis,
1206 4959 1271 5021 fnit
1294 4958 1423 5022 seisitus
1446 4964 1508 5021 etc.
1533 4956 1572 5019 de
1594 4957 1737 5020 manerio
1760 4958 1799 5020 de

296 5049 477 5113 Bursauone
493 5046 639 5109 Danaen
654 5066 728 5106 cum
745 5044 958 5127 pertinenciis
974 5047 1054 5122 suis,
1069 5056 1102 5108 et
1119 5047 1200 5109 illud
1217 5047 1400 5109 manerium
1416 5064 1489 5107 cum
1507 5044 1574 5107 suis
1588 5045 1800 5127 pertinenciis

296 5137 405 5199 tenuit
420 5154 479 5216 per
495 5133 664 5195 servicium
680 5138 794 5213 quarte
810 5134 912 5213 partis
926 5132 951 5217 j.
967 5132 990 5197 f.
1008 5155 1054 5198 m.
1743 5143 1746 5149 '

339 5270 504 5335 Johannes
519 5268 608 5331 Hille
622 5268 663 5331 de
681 5268 825 5351 Sparten
842 5268 876 5330 in
899 5270 1058 5333 comitatu
1083 5268 1274 5348 Somersete‚
1289 5269 1439 5352 armiger,
1457 5266 1521 5329 fuit
1538 5268 1667 5331 seisitus
1680 5272 1743 5333 etc.
1760 5269 1800 5332 dc

296 5362 442 5423 manerio
473 5358 514 5418 de
546 5357 743 5421 Rsuasrorrs
778 5376 852 5417 cum
884 5358 950 5418 suis
980 5360 1203 5439 pertinenciis,
1225 5367 1261 5419 et
1292 5355 1375 5418 illuc
1410 5354 1591 5417 manerium
1625 5375 1700 5435 cum
1733 5358 1799 5418 suis

298 5444 503 5529 pertinenciis
521 5444 629 5507 tenuit
643 5463 701 5526 per
716 5444 888 5506 servicium
904 5451 1018 5526 quarte
1035 5448 1136 5529 partis
1151 5446 1176 5530 j.
1193 5447 1216 5508 f.
1233 5466 1278 5509 m.
