4117 6209
286 664 352 730 Μ)
916 659 1167 729 sonuisset.

329 950 469 1013 Thomas
488 949 656 1013 Wikeham
682 950 723 1013 de
752 949 943 1036 Broughton
969 952 1003 1014 in
1031 951 1189 1013 comitatu
1215 948 1349 1025 Oxonie,
1364 945 1560 1031 gentilman,
1575 943 1641 1007 fuit
1657 943 1790 1005 seieitus

286 1044 350 1102 etc.
366 1037 408 1100 de
423 1040 569 1101 manerio
583 1039 623 1102 de
638 1038 812 1101 Bnnnnrn
825 1060 901 1101 cum
925 1040 993 1101 suis
1019 1038 1243 1121 pertinenciis,
1258 1044 1289 1098 et
1315 1036 1395 1097 illud
1416 1034 1603 1097 manerium
1622 1050 1697 1092 cum
1722 1029 1790 1091 suis

287 1127 495 1208 pertinenciis
511 1128 620 1188 tenuit
636 1147 693 1209 per
708 1128 880 1190 servicium
893 1133 984 1190 sexte
998 1126 1103 1209 partis
1116 1126 1141 1209 J'.
1158 1125 1181 1191 f.
1197 1146 1243 1189 m.

329 1266 372 1329 Iu
386 1267 479 1353 qu'ua
493 1270 542 1331 rei
556 1274 618 1333 etc.

741 1422 977 1511 [Husnnanuu
1001 1446 1045 1489 nn
1068 1418 1334 1507 WHITSTANJ

330 1563 508 1647 Inquisicio
521 1571 616 1645 capta
630 1564 718 1645 apud
734 1561 963 1626 Yevelchestre
978 1568 1041 1626 etc.
1061 1566 1109 1639 (aa
1133 1562 1261 1643 bejore),
1289 1578 1344 1641 per
1365 1558 1602 1619 sacramentum
1631 1549 1788 1614 Willelmi

285 1648 424 1726 Tanour‚
454 1650 587 1713 Ricardi
618 1648 798 1726 Evethorn,
826 1649 988 1713 Jobanuis
1018 1646 1151 1730 Aysshe,
1182 1648 1250 1709 Ade
1280 1643 1424 1721 Burnell,
1464 1640 1620 1704 Willelmi
1658 1639 1789 1714 Downe,

287 1736 453 1801 Edmundi
484 1739 625 1815 Cartere,
648 1736 805 1800 Johanuia
831 1738 972 1820 Wattys‚
1001 1736 1133 1799 Ricardi
1164 1732 1324 1817 Mayhov‚
1353 1730 1472 1815 Rogeri
1502 1726 1599 1805 Nem,
1630 1724 1789 1790 Johannis

287 1822 400 1901 Proua,
414 1825 550 1888 Walteri
567 1824 694 1902 Skotte,
710 1826 859 1910 junioris,
874 1824 1055 1893 etlioberti
1072 1820 1200 1901 Webbe,
1218 1822 1275 1905 qui
1290 1819 1404 1882 dicunt
1419 1816 1505 1901 quod
1518 1840 1572 1881 :-

329 1982 494 2049 Johannes
520 1985 679 2067 Fitzpayn
703 1984 743 2047 de
771 1984 947 2066 Alampton
972 1983 1007 2044 in
1022 1982 1183 2044 comitatu
1199 1979 1393 2055 Somersete‚
1407 1978 1559 2062 armiger,
1575 1976 1641 2038 fuit
1656 1976 1789 2039 saisitus

287 2082 350 2136 etc.
366 2072 408 2135 de
423 2073 576 2135 maneriis
591 2072 633 2134 de
649 2074 827 2136 Amnisos
843 2086 875 2133 et
894 2070 1062 2148 Sauroan,
1079 2077 1114 2131 et
1140 2068 1198 2131 illa
1223 2068 1367 2131 maneria
1394 2066 1503 2129 tenuit
1529 2083 1587 2147 per
1612 2064 1787 2126 servicium

289 2165 405 2242 quarte
418 2164 521 2243 partis
534 2161 558 2245 J'.
574 2160 598 2223 f.
614 2180 660 2223 m.

329 2294 519 2360 Elizabetha
535 2296 645 2361 irovell
660 2296 701 2357 de
716 2292 947 2357 Rammesham
964 2296 998 2355 iu
1015 2294 1175 2356 comitatu
1193 2292 1339 2370 Dorsete,
1357 2290 1502 2367 wedowo,
1514 2288 1578 2353 fnit
1595 2289 1708 2352 scisita
1723 2294 1787 2355 etc.

285 2382 325 2445 de
349 2385 492 2447 manerio
517 2384 557 2448 de
583 2384 775 2449 Dourruana
800 2403 875 2444 cum
902 2381 1116 2465 pertinenciis
1143 2380 1221 2457 suis,
1237 2392 1272 2442 et
1297 2377 1381 2441 illud
1407 2378 1591 2440 manerium
1607 2378 1716 2441 tenuit
1732 2398 1790 2461 per

287 2473 463 2534 servicium
477 2477 591 2535 octave
606 2472 707 2554 partis
721 2471 746 2555 J‘.
763 2469 785 2532 f.
802 2492 847 2534 m.

331 2600 515 2664 Willelmus
531 2600 650 2663 Paltcn
664 2601 704 2662 de
723 2599 895 2683 Umberley
911 2602 944 2662 in
960 2602 1121 2663 comitatu
1147 2601 1302 2678 Devenie,
1316 2602 1423 2677 miles,
1440 2600 1505 2663 fuit
1520 2600 1652 2663 seisitus
1667 2606 1730 2665 etc.
1747 2600 1789 2662 de

288 2688 432 2751 manerio
453 2688 494 2751 de
518 2689 695 2755 Goscorran
721 2690 788 2766 (sic)
813 2708 889 2750 cum
913 2689 1124 2771 pertinenciis
1155 2690 1235 2766 suis,
1257 2695 1292 2752 et
1312 2688 1396 2753 illud
1418 2688 1600 2751 manerium
1623 2708 1698 2750 cum
1721 2689 1789 2750 suis

287 2776 495 2859 pertinenciis
509 2777 619 2838 tenuit
633 2796 690 2858 per
706 2776 877 2837 servicium
892 2782 983 2837 sexte
1000 2776 1102 2859 partis
1111 2776 1139 2859 j.
1155 2775 1178 2841 f.
1195 2798 1240 2841 m.

741 2962 978 3050 [Huunnanuu
1002 2986 1046 3030 nn
1069 2962 1348 3051 WHITLEGHJ

328 3102 505 3180 Johannes,
535 3102 703 3184 episcopus
735 3098 963 3163 Bathoniensis
991 3109 1025 3163 et
1056 3100 1240 3179 wellensis,
1269 3102 1368 3186 Hugo
1398 3100 1491 3164 Keue
1521 3102 1562 3164 de
1592 3102 1722 3165 Mertclx
1752 3102 1786 3164 in

287 3192 448 3254 comitatu
463 3188 656 3267 Somersete‚
672 3190 865 3273 gentilman,
880 3194 914 3249 et
930 3188 986 3250 alii
1002 3186 1128 3251 feoffati
1145 3188 1314 3252 Humfridi
1340 3188 1494 3265 Stafford,
1509 3188 1640 3268 militis,
1656 3190 1789 3253 inerunt

288 3278 393 3341 seisiti
419 3284 482 3341 etc.
507 3277 548 3338 de
573 3277 718 3338 manerio
741 3274 783 3337 de
809 3273 965 3341 Gomon
991 3276 1180 3341 Douunsrvu
1204 3296 1278 3339 cum
1304 3276 1518 3360 pertinenciis
1544 3278 1622 3355 suis,
1645 3286 1680 3340 et
1705 3276 1789 3338 illud

286 3366 469 3428 manerium
484 3384 559 3427 cum
576 3364 643 3425 suis
656 3362 870 3445 pertinenciis
886 3370 1064 3425 tenuerunt
1082 3384 1135 3447 per
1150 3364 1322 3427 servicium
1338 3370 1451 3446 quarte
1468 3366 1571 3445 partis
1585 3366 1610 3451 j
1626 3363 1649 3428 f.
1666 3384 1711 3427 m.

330 3502 470 3565 Thomas
486 3498 627 3572 Stovell‚
642 3499 795 3574 chivaler,
811 3498 852 3560 de
867 3496 1027 3563 Codeston
1044 3502 1079 3564 in
1095 3502 1254 3565 comitatu
1277 3502 1457 3565 Somersete
1478 3501 1544 3564 fuit
1569 3502 1701 3565 aeisitus
1723 3506 1786 3567 etc.

289 3591 330 3653 de
354 3590 508 3652 maneriis
533 3588 575 3650 de
599 3588 771 3653 Conusrou
797 3592 831 3648 et
848 3586 1005 3651 Srrvvrrun
1020 3608 1097 3650 cum
1112 3588 1324 3671 pertinenciis
1340 3590 1419 3666 suis,
1433 3594 1466 3652 et
1483 3588 1541 3650 iila
1555 3590 1698 3653 maneria
1713 3608 1787 3650 cum

287 3679 354 3742 suis
368 3677 578 3760 pertinenciis
592 3674 701 3737 tenuit
715 3692 774 3757 per
788 3674 962 3737 servicium
977 3677 1103 3739 decime
1119 3678 1221 3759 partis
1230 3676 1259 3759 j.
1276 3676 1298 3740 f.
1314 3698 1360 3741 m.

333 3818 506 3895 walterus,
520 3816 671 3877 dominus
685 3814 725 3875 de
742 3809 963 3895 Hungerford‚
977 3810 1017 3873 de
1033 3810 1061 3871 F
1061 3810 1147 3875 arlee
1161 3808 1195 3871 in
1211 3812 1370 3873 comitatu
1386 3810 1566 3875 Somersete
1581 3812 1645 3875 fuit
1660 3814 1789 3876 seisitus

289 3912 351 3969 etc.
376 3905 416 3967 de
443 3904 587 3965 manerio
612 3900 653 3963 de
677 3900 814 3963 Hannon
838 3918 913 3960 cum
937 3898 1005 3959 suis
1027 3897 1247 3981 pertinenciis,
1264 3904 1298 3960 et
1321 3898 1403 3961 illud
1427 3900 1607 3962 manerium
1633 3921 1708 3963 cum
1723 3900 1789 3963 auis

289 3992 499 4077 pertinenciis
514 3990 620 4052 tenuit
636 4008 692 4071 per
708 3987 878 4048 servicium
894 3992 1008 4067 quarte
1023 3987 1125 4067 partis
1139 4006 1164 4069 J.
1181 3982 1203 4048 f.
1221 4006 1267 4049 nr.

333 4126 375 4188 In
388 4126 483 4211 cujus
498 4125 545 4188 rei
560 4130 624 4188 etc.

742 4308 978 4399 [Huunaanurr
1001 4330 1046 4374 ns
1069 4307 1347 4396 KEYNSHAMJ

333 4451 512 4537 Inquisicio
536 4454 632 4531 capta
657 4447 745 4531 apud
760 4445 969 4511 Yvelchestre
995 4448 1029 4509 in
1054 4447 1215 4509 comitatu
1238 4444 1418 4510 Somersete
1440 4450 1502 4511 etc.
1522 4450 1571 4525 (ar
1586 4447 1715 4531 bejcrc),
1730 4468 1789 4533 per

288 4544 525 4605 sacramentum
551 4535 683 4599 Ricardi
712 4534 926 4618 Champneys‚
951 4532 1112 4597 Johannis
1136 4530 1281 4609 Obokke,
1305 4531 1453 4596 Nicholai
1484 4532 1602 4617 Lyons‚
1628 4532 1788 4598 Johannis

288 4628 525 4710 Ohampeneys,
556 4621 717 4687 Jobannis
753 4623 782 4684 F
783 4642 950 4706 raunceys‚
981 4622 1105 4684 Thome
1144 4620 1296 4699 Barbour‚
1331 4620 1488 4683 Willelmi
1519 4621 1626 4699 Hunc,
1658 4620 1788 4685 Ricardi

287 4714 495 4788 Dombelton,
509 4710 670 4776 Johannis
694 4709 798 4795 Payn,
812 4709 944 4773 Ricardi
961 4707 1140 4791 Wyddene,
1157 4708 1288 4771 Ricardi
1306 4706 1468 4791 Wilkyns,
1492 4706 1651 4772 Jchannis
1676 4707 1788 4789 Jaket

287 4810 325 4867 et
339 4799 499 4865 Johannis
513 4798 656 4874 (iebons,
670 4798 728 4881 qui
743 4798 858 4861 dicunt
873 4804 934 4860 etc.
951 4796 1037 4880 quod
1050 4817 1104 4857 :—

332 4960 546 5048 ReginaIdus‚
562 4959 712 5022 dominus
727 4960 767 5021 de
782 4958 815 5022 la
831 4958 939 5033 Ware‚
955 4958 1099 5021 existens
1114 4958 1147 5019 in
1166 4957 1310 5039 partibus
1326 4959 1552 5022 transmarinis
1575 4958 1610 5019 in
1633 4960 1790 5023 comitiva

290 5051 418 5116 domini
441 5048 539 5132 regis,
553 5047 617 5109 tuit
643 5047 774 5108 seieitus
796 5050 859 5109 etc.
873 5044 915 5107 de
943 5045 1041 5107 certis
1066 5046 1160 5107 terris
1186 5052 1221 5106 et
1245 5048 1447 5109 tenementis
1467 5046 1500 5107 in
1518 5044 1739 5125 Burmannus,
1755 5054 1789 5111 et

289 5139 402 5203 eadem
417 5144 519 5199 terras
536 5141 569 5197 et
587 5140 774 5197 tenementa
788 5134 896 5195 tenuit
910 5153 968 5215 per
983 5132 1154 5197 servicium
1171 5138 1285 5213 quarte
1300 5134 1402 5215 partis
1416 5133 1440 5218 J'.
1458 5132 1481 5199 f.
1498 5154 1544 5199 m.

332 5269 526 5346 wilielmus,
542 5268 694 5330 dominus
708 5268 749 5330 de
765 5268 938 5346 Botreaux‚
955 5269 996 5330 de
1012 5268 1087 5330 Alrs
1112 5268 1145 5329 in
1174 5268 1334 5331 comitatu
1358 5268 1542 5332 Somersete
1564 5258 1631 5332 fuit
1657 5270 1790 5333 scisitus

286 5369 352 5425 etc.
368 5360 410 5422 de
433 5358 531 5419 certis
556 5356 656 5416 terris
680 5363 716 5417 et
739 5356 940 5419 tenementis
964 5357 997 5418 in
1014 5355 1168 5433 Purattu,
1185 5370 1218 5417 et
1234 5354 1291 5418 iila
1307 5364 1409 5419 terras
1423 5364 1456 5419 et
1472 5364 1663 5419 tenementa
1679 5359 1790 5422 tenuit

288 5467 343 5531 per
357 5443 527 5509 servicium
545 5450 660 5527 quarte
675 5444 778 5525 partis
792 5443 818 5528 j.
834 5442 857 5507 t.
873 5464 918 5506 m.
