4117 6209
301 661 365 726 268
974 661 1126 730 SALOP.

345 948 453 1016 Iidem
468 949 630 1018 iohannes
644 957 680 1016 et
694 951 853 1017 Kateriaa
868 957 985 1019 tenent
999 954 1184 1018 manerium
1199 953 1239 1018 de
1254 953 1406 1022 Coenos
1422 973 1478 1037 per
1491 951 1659 1016 servicium
1674 949 1702 1036 j.
1717 950 1740 1014 i.
1756 969 1802 1014 m.

303 1055 405 1121 nuper
419 1037 461 1100 de
475 1037 620 1121 predicto
634 1039 780 1107 Waltero
794 1040 880 1124 Lacy
895 1047 929 1106 et
944 1041 1033 1105 valet
1045 1048 1108 1106 etc.
1125 1064 1153 1104 c.
1162 1061 1189 1106 a.

347 1182 451 1248 Iidem
478 1182 498 1250 J
500 1185 640 1248 ohannes
665 1190 700 1248 et
726 1185 895 1264 Katerina,
913 1206 992 1249 uxor
1007 1185 1091 1270 ejus,
1104 1191 1139 1251 et
1152 1183 1320 1254 iohannes
1334 1185 1530 1269 Wycheccte
1545 1183 1586 1247 de
1601 1179 1804 1266 Wychekcte

302 1270 338 1332 in
352 1269 467 1334 eodem
484 1271 655 1351 comitatu,
668 1273 866 1357 genteimau,
885 1277 1003 1336 tenent
1016 1275 1051 1336 in
1066 1274 1234 1337 communi
1257 1279 1346 1337 certa
1369 1279 1471 1335 terras
1495 1277 1531 1336 et
1555 1274 1744 1334 tenementa
1768 1269 1803 1331 in

303 1355 514 1458 ffucaaucss
538 1364 571 1422 et
599 1359 730 1427 Suevos
756 1381 813 1444 per
838 1361 1013 1424 servicium
1038 1361 1102 1446 pf.
1125 1381 1171 1426 m.
1200 1360 1239 1425 de
1265 1380 1329 1445 quc
1352 1361 1516 1444 ignorant,
1545 1362 1579 1424 et
1603 1356 1716 1420 valeat
1740 1362 1803 1420 etc.

303 1463 470 1529 mamere.

347 1587 531 1656 Wilielmus
559 1590 725 1655 haddone
749 1592 791 1654 de
818 1589 997 1676 Stokeebay
1023 1593 1059 1655 in
1087 1591 1203 1656 ecdem
1228 1591 1400 1670 comitatu,
1426 1591 1578 1674 armiger,
1594 1594 1689 1653 tenet
1714 1593 1805 1651 certa

302 1677 404 1740 terras
418 1681 453 1740 st
467 1683 658 1742 tenementa
671 1680 705 1742 in
721 1679 822 1746 Huua
836 1700 936 1746 suasa
951 1679 1138 1746 Baousaan
1154 1700 1210 1763 per
1225 1679 1398 1742 servicium
1413 1677 1603 1741 medietatis
1618 1676 1644 1762 j.
1662 1675 1685 1738 i.
1700 1696 1746 1741 m.
1762 1672 1804 1737 de

302 1782 367 1845 quc
380 1763 546 1848 ignorant,
563 1772 598 1829 et
614 1766 727 1830 valeat
741 1772 804 1831 etc.
819 1766 863 1833 xl.
874 1791 901 1833 c.

347 1906 376 1967 N
379 1906 523 1972 ichoiaus
549 1909 679 1994 Hcptcn
706 1910 747 1973 de
773 1910 904 1995 Hcptoa
930 1911 964 1975 in
981 1911 1095 1976 ecdem
1110 1912 1281 1989 comitatu,
1296 1910 1496 1996 gentelman,
1514 1911 1607 1974 tenet
1621 1907 1804 1970 manerium

303 1994 343 2056 de
359 1994 496 2065 Horrore
513 2017 570 2080 per
584 1998 754 2062 servicium
770 1997 795 2085 j.
812 1998 836 2064 f.
853 2019 898 2065 m.
916 1999 956 2063 de
973 2020 1036 2085 quc
1052 2001 1214 2084 ignorant,
1230 2003 1263 2062 et
1279 1997 1363 2063 vaiet
1380 2006 1445 2064 etc.
1461 1997 1505 2062 lx.
1516 2020 1542 2063 a.

347 2144 507 2210 Katerina
536 2145 668 2211 Hodnet
697 2154 731 2211 et
762 2146 914 2214 Johauna
944 2148 1097 2214 Hcdenet
1128 2155 1241 2214 tenent
1272 2149 1454 2212 manerium
1489 2148 1530 2211 de
1567 2146 1711 2212 Harvmav
1748 2164 1804 2228 per

302 2233 472 2296 servicium
488 2233 676 2298 medietatis
690 2234 715 2320 J'.
731 2234 754 2299 i.
771 2256 818 2302 m.
834 2245 868 2300 et
884 2242 1016 2301 tenetur
1028 2256 1132 2320 nuper
1147 2237 1186 2300 de
1201 2235 1346 2304 Walterc
1360 2237 1457 2318 Lacy,
1473 2242 1508 2299 et
1523 2233 1607 2297 valet
1622 2241 1685 2297 etc.
1701 2232 1745 2296 lx.
1755 2254 1782 2296 s.
1884 2316 1891 2330 ο

346 2378 508 2444 Johaunes
534 2381 667 2445 Radciii
688 2383 729 2447 de
752 2385 912 2448 comitatu
937 2385 1157 2470 Longcastrie,
1173 2383 1278 2462 miles,
1294 2387 1386 2448 tenet
1401 2383 1583 2445 manerium
1599 2380 1642 2443 de
1657 2379 1802 2446 Worvorv

303 2486 360 2549 per
374 2468 544 2532 servicium
560 2469 748 2534 medietatis
771 2471 795 2556 j.
811 2471 834 2537 i.
850 2493 896 2538 m.
912 2492 1014 2556 nuper
1029 2472 1070 2536 de
1084 2472 1231 2555 predicto
1245 2471 1391 2538 Walterc
1406 2470 1492 2552 Lacy
1506 2475 1541 2533 et
1555 2467 1645 2530 valet
1658 2473 1721 2531 etc.
1737 2486 1801 2530 cr.

346 2610 524 2692 Jobannes,
537 2613 687 2680 dominus
701 2616 815 2682 Tclbot
832 2623 865 2681 et
892 2616 1079 2702 Fumyvall,
1100 2616 1254 2694 chivaler,
1277 2619 1369 2680 tenet
1391 2615 1573 2679 mmerium
1599 2612 1641 2676 de
1666 2612 1803 2678 Bomos

303 2719 361 2782 per
377 2701 548 2765 servicium
564 2702 752 2767 medietatis
762 2703 790 2787 j.
801 2703 825 2770 i.
838 2725 884 2771 m.
898 2725 1002 2790 nuper
1016 2705 1057 2770 de
1072 2704 1218 2789 predicto
1232 2703 1378 2771 Walters
1392 2702 1491 2786 Lacy,
1501 2707 1535 2765 et
1550 2699 1637 2765 valet
1647 2703 1710 2764 etc.
1723 2697 1802 2762 lm.

348 2843 504 2910 Ricardus
532 2847 725 2932 Wyunesley
756 2850 796 2916 de
825 2850 1019 2936 Wynneeley
1050 2851 1085 2914 in
1120 2852 1280 2915 comitatu
1317 2849 1498 2928 Hersordie,
1536 2845 1737 2932 gentelman,
1771 2847 1806 2908 et

211 2967 217 2978 ·
304 2933 477 3017 participes
507 2935 558 2998 sui
587 2942 702 2999 tenent
727 2939 910 3002 manerium
937 2939 977 3002 de
1005 2939 1148 3006 Nesaea
1164 2938 1313 3011 ¹Hatrrcrv
1338 2957 1395 3020 per
1420 2935 1590 3001 servicium
1617 2932 1805 2997 medietatis

299 3018 326 3102 j.
343 3020 366 3086 i.
383 3042 428 3086 m.
444 3040 548 3105 nuper
563 3022 604 3086 de
619 3024 765 3106 predicto
781 3025 926 3092 Walterc
941 3026 1039 3108 Lacy,
1052 3026 1139 3109 quod
1155 3025 1244 3090 vaiet
1258 3031 1321 3089 etc.
1337 3023 1412 3090 las.

346 3165 528 3232 Willelmus
544 3165 713 3232 Ludelcve
729 3169 769 3232 de
785 3167 965 3255 Stckeshay
980 3171 1016 3233 in
1031 3169 1146 3233 eodem
1161 3170 1333 3248 comitatu,
1349 3169 1503 3253 armiger,
1516 3174 1551 3231 et
1565 3165 1739 3250 participes
1753 3163 1804 3227 aui

304 3257 420 3318 teuent
445 3255 627 3318 manerium
652 3255 692 3318 de
720 3257 813 3323 Ovaa
839 3257 977 3324 Havsorv
1004 3278 1062 3342 per
1084 3258 1256 3322 servicium
1283 3257 1473 3320 medietatis
1498 3254 1521 3336 j.
1537 3255 1560 3318 i.
1576 3274 1621 3319 m.
1637 3271 1741 3336 nuper
1761 3251 1804 3314 de

302 3339 446 3423 predicto
460 3339 608 3408 Walterc
625 3341 721 3427 Lacy,
737 3349 771 3407 et¹
788 3343 874 3408 vaiet
888 3350 951 3408 etc.
966 3345 1043 3410 lx.s.

344 3476 519 3558 Jchannes,
535 3478 689 3543 domiuus
714 3480 831 3545 Talbot
858 3486 890 3545 et
916 3481 957 3546 de
983 3481 1166 3558 Furnivall‚
1187 3477 1340 3560 chivaler,
1363 3485 1398 3544 et
1413 3478 1599 3546 Wiilelmus
1614 3474 1749 3560 Bcerley
1763 3475 1804 3538 de

303 3563 508 3649 Brcmycrost
538 3567 572 3629 in
602 3567 718 3632 ecdem
747 3569 920 3647 comitatu,
949 3568 1152 3653 genteIman,
1182 3574 1296 3631 tenent
1331 3567 1515 3631 menesium
1551 3565 1592 3628 de
1621 3565 1731 3630 Assorv
1767 3566 1803 3626 et

303 3651 514 3721 Morsamvva
530 3674 587 3736 per
602 3656 773 3719 servicium
788 3660 904 3740 quarte
919 3656 1022 3739 partis
1032 3655 1060 3740 j.
1078 3655 1101 3720 f.
1116 3675 1162 3722 m.
1178 3654 1220 3718 de
1235 3655 1367 3718 dominc
1382 3673 1456 3738 rege
1471 3654 1521 3719 i.c.
1537 3652 1623 3738 quod
1638 3649 1724 3714 valet
1739 3654 1802 3714 etc.

302 3759 438 3808 x-mcrc.
1133 3773 1137 3780 ·

345 3883 510 3950 Jchannes
525 3885 750 3970 Wynnesbury
765 3885 806 3950 de
821 3886 970 3970 Glaseley
987 3889 1020 3951 in
1038 3887 1152 3953 eodem
1167 3889 1337 3966 comitatu,
1349 3885 1502 3970 armiger,
1515 3889 1606 3948 tenet
1621 3883 1803 3947 manerium

300 3972 340 4120 {ixa
355 3971 548 4125 'scissum
573 3993 631 4055 per
656 3973 829 4036 servicium
855 3974 1048 4038 medietatis
1069 3975 1093 4061 j.
1110 3973 1134 4038 i.
1150 3996 1195 4042 m.
1210 3973 1251 4038 de
1270 3994 1335 4057 quc
1350 3973 1516 4059 ignorant,
1532 3971 1620 4058 qucd
1634 3969 1722 4034 vaiet
1738 3976 1801 4034 etc.

346 4195 518 4278 iohannes,
547 4199 698 4266 dominus
729 4203 847 4267 Talbot
876 4208 908 4268 et
939 4203 979 4268 de
1008 4203 1203 4289 Furuyvale,
1232 4202 1389 4281 chivaler,
1420 4208 1511 4268 tenet
1542 4203 1723 4268 manerium
1763 4201 1804 4266 de

303 4287 474 4366 Coasnsu,
493 4287 639 4366 Noavorv,
657 4287 876 4368 Ducaucuav,
894 4298 929 4354 et
952 4292 1069 4358 Bscus
1093 4313 1148 4376 per
1174 4292 1350 4356 servicium
1372 4292 1397 4377 j.
1412 4291 1436 4356 f.
1451 4312 1497 4357 m.
1524 4291 1564 4353 de
1580 4289 1712 4352 dominc
1726 4308 1804 4373 rege

302 4373 355 4438 i.c.
394 4374 480 4438 uude
516 4373 703 4444 Willelmus
739 4375 876 4462 Bcerley
906 4379 946 4443 ds
983 4378 1188 4463 Brcmycrcit
1217 4386 1309 4443 tenet
1339 4384 1463 4443 sextam
1493 4383 1620 4460 partem
1656 4375 1681 4462 j.
1711 4377 1736 4442 f.
1767 4379 1803 4438 iu

302 4459 532 4541 Bsosrcaosr,
548 4467 584 4526 et
599 4463 688 4528 valet
702 4470 764 4528 etc.
780 4466 874 4533 tali.

345 4605 509 4672 iohannes
546 4605 684 4692 Radclyi
720 4610 759 4672 de
796 4611 957 4675 comitatu
994 4610 1215 4696 Lcngcastrie,
1244 4609 1398 4688 chivaler,
1427 4615 1519 4673 tenet
1548 4608 1731 4673 manerium
1761 4607 1803 4671 de

302 4692 623 4848 {ematagtielaxsrgza
634 4703 667 4759 et
685 4695 877 4764 Svsvsuvorv
894 4719 950 4782 per
966 4699 1140 4764 servicium
1155 4698 1345 4762 medietatis
1359 4698 1385 4783 j.
1401 4695 1426 4764 i.
1442 4717 1487 4764 m.
1503 4695 1545 4760 de
1560 4716 1624 4780 quc
1639 4696 1805 4779 ignorant,

343 4921 502 4988 Ricardus
538 4924 722 4990 Bcvdeiers
759 4928 799 4992 de
835 4929 1013 4994 Ascheiord
1050 4931 1086 4993 in
1123 4927 1239 4999 ecdem
1275 4930 1448 5006 comitatu,
1477 4926 1683 5012 genteiman,
1710 4928 1806 4989 tenet

301 5011 483 5074 manerium
497 5011 538 5077 de
552 5013 750 5081 Assnsvoan
765 5015 972 5084 &vemas
986 5038 1043 5101 per
1058 5018 1232 5081 servicium
1256 5023 1371 5102 quarte
1396 5020 1501 5099 partis
1522 5015 1549 5100 j.
1565 5011 1589 5078 i.
1606 5033 1650 5078 m.
1665 5012 1804 5075 deduce

301 5096 450 5175 Eboraci,
464 5105 499 5162 et
516 5098 602 5164 valet
617 5107 680 5166 etc.
697 5123 756 5166 as.
952 5123 955 5129 ·

342 5241 500 5308 Ricardus
515 5242 722 5329 Cornevayle
737 5248 777 5312 de
794 5247 948 5314 Boreicrd
965 5251 1001 5314 in
1017 5251 1133 5316 ecdem
1148 5253 1320 5327 comitatu,
1335 5251 1489 5334 armiger,
1503 5250 1597 5312 tenet
1619 5244 1804 5308 maserium

299 5329 559 5487 §glasgrtagrlgag
571 5333 768 5402 canosam
783 5356 839 5419 per
856 5338 1026 5402 servicium
1050 5339 1241 5403 medietatis
1263 5338 1288 5423 j.
1305 5338 1328 5403 f.
1345 5360 1390 5404 m.
1418 5336 1460 5399 de
1486 5333 1635 5418 predicto
1660 5331 1742 5396 duce
1767 5337 1803 5395 st
