4117 6209
249 631 314 707 435
885 632 1136 701 SOMERSET.

293 914 433 980 Domina
458 914 621 1004 Am[icia]
642 918 745 984 Malet
769 921 809 984 de
835 920 1027 1007 Canyngton
1054 925 1088 985 in
1118 924 1280 987 comitatu
1311 922 1506 999 Somsrsete,
1532 920 1660 997 vedow,
1689 920 1754 984 init

251 1002 360 1065 seisita
376 1009 438 1067 etc.
455 1004 496 1067 de
511 1009 655 1069 manerio
671 1008 711 1070 de
728 1007 900 1075 Oonvrons
915 1030 991 1073 cnm
1006 1012 1219 1094 pertinenciis
1234 1012 1312 1087 suis,
1327 1016 1362 1074 et
1376 1009 1457 1073 illud
1473 1009 1651 1073 manerium
1679 1028 1753 1071 curn

250 1091 318 1153 suis
332 1092 545 1173 pertinenciis
559 1095 670 1157 tenuit
684 1116 741 1178 per
757 1098 930 1160 servicium
944 1097 1134 1162 medietatis
1147 1099 1172 1184 j.
1187 1099 1209 1161 f.
1225 1120 1270 1163 m.

293 1248 455 1315 Johannes
470 1252 636 1336 Tremayle
652 1254 692 1317 de
708 1254 874 1319 Launstou
890 1258 923 1320 in
940 1258 1100 1321 comitutu
1116 1256 1286 1337 Cornubie,
1312 1257 1507 1341 gentilman,
1529 1255 1595 1319 fuit
1621 1255 1750 1318 seisitus

248 1340 310 1401 etc.
325 1336 366 1399 de
388 1339 484 1401 certis
507 1342 601 1403 terris
625 1347 659 1405 ct
685 1346 880 1407 tenementis
903 1346 937 1407 in
965 1346 1188 1425 Bonnvusrou,
1217 1353 1252 1408 et
1266 1345 1380 1409 eadem
1396 1349 1498 1407 terras
1512 1348 1545 1407 ct
1560 1348 1750 1406 tenementn

248 1425 357 1486 tenuit
370 1444 427 1507 per
441 1427 612 1489 servicium
627 1435 742 1511 quarte
758 1433 860 1513 partis
874 1433 898 1517 j.
914 1433 938 1497 f.
954 1454 1000 1497 m.

291 1583 475 1649 Willelmus
489 1584 652 1667 Bonevile,
667 1589 819 1669 chivaler,
835 1592 875 1654 de
894 1590 994 1659 Shete
1011 1594 1046 1655 in
1062 1594 1224 1657 comitatu
1239 1592 1394 1671 Devonie‚
1410 1593 1473 1656 fuit
1490 1592 1621 1655 seisitus
1636 1591 1748 1656 stede

247 1671 343 1733 certis
356 1677 451 1735 terris
464 1680 496 1736 et
511 1678 707 1739 tenementis
722 1679 756 1740 in
772 1678 961 1759 Eussroxn,
978 1680 1105 1759 Brenn,
1124 1688 1160 1744 et
1184 1680 1388 1748 Gnusnuuvs
1414 1686 1447 1743 st
1471 1679 1583 1743 eadem
1598 1684 1701 1743 terras
1714 1686 1749 1743 et

247 1764 434 1823 tenemento
448 1763 560 1825 tenuit
575 1783 632 1846 per
648 1766 818 1829 servicium
834 1782 945 1831 octove
960 1769 1063 1850 partis
1077 1768 1102 1853 j.
1118 1773 1141 1832 f.
1158 1790 1204 1833 m.

289 1918 481 2005 Raduiphus
503 1922 627 1988 Busshe
654 1926 693 1987 de
720 1924 876 1989 Caundall
903 1925 1041 1989 Hadden
1067 1928 1102 1990 in
1132 1927 1292 1990 comitatu
1321 1926 1472 2003 Dorsete,
1502 1925 1652 2010 armiger,
1682 1924 1747 1987 fuit

245 2007 375 2071 seisitus
403 2016 465 2074 etc.
489 2010 528 2073 de
557 2013 655 2075 certis
684 2013 779 2076 terris
808 2018 843 2077 et
872 2015 1069 2077 tenementis
1094 2015 1130 2076 in
1155 2014 1364 2093 ermoron,
1388 2018 1422 2076 ct
1449 2013 1562 2077 eadem
1588 2018 1687 2076 terras
1713 2018 1747 2074 et

245 2099 434 2160 tenemento
445 2098 556 2162 tenuit
571 2119 627 2182 per
641 2101 813 2163 servicium
828 2105 944 2183 quarte
959 2102 1064 2184 partis
1077 2100 1101 2187 j.
1117 2100 1141 2168 f.
1158 2123 1202 2166 m.

288 2254 429 2319 Thomas
443 2257 553 2323 Trovc
567 2260 608 2324 de
622 2260 799 2325 Tokesvell
814 2264 847 2325 in
863 2266 1022 2328 comitatu
1040 2265 1222 2333 Somersete
1236 2260 1300 2326 fuit
1315 2262 1446 2325 seisitus
1461 2267 1523 2325 etc.
1539 2261 1580 2325 de
1595 2262 1747 2325 maneriis

245 2341 285 2406 de
300 2342 499 2411 Pnsvrvrnnn
514 2353 548 2409 et
565 2348 767 2415 Tomswnnn
782 2372 855 2414 cum
872 2372 983 2414 eorum
999 2350 1219 2435 pertinenciis,
1235 2356 1268 2413 st
1293 2348 1349 2413 illa
1374 2349 1517 2412 maneria
1538 2370 1613 2413 cum
1635 2368 1746 2413 corum

245 2431 455 2511 pertinenciis
470 2435 579 2498 tenuit
593 2456 649 2519 per
665 2438 834 2500 servicium
850 2446 963 2502 octave
978 2440 1081 2523 partis
1094 2438 1119 2524 j.
1135 2437 1157 2501 f.
1174 2460 1219 2505 m.

288 2594 431 2678 Rogerus
447 2598 529 2681 Pym
543 2598 585 2661 de
601 2597 790 2681 Brymmore
805 2602 840 2664 in
856 2602 1017 2664 comitatu
1034 2602 1227 2677 Somcrsete,
1251 2598 1444 2684 gentilman,
1459 2597 1524 2661 fuit
1540 2599 1668 2661 seisitus
1684 2602 1745 2669 eto.

244 2681 286 2744 de
300 2684 398 2745 certis
413 2687 508 2749 terris
524 2691 557 2749 st
573 2689 771 2750 tenementis
786 2689 820 2751 in
838 2689 1037 2769 anuuoan
1052 2694 1087 2753 et
1111 2689 1224 2751 eadem
1249 2698 1349 2750 terras
1373 2691 1406 2748 et
1433 2692 1621 2749 tenementa
1635 2686 1746 2751 tenuit

245 2788 302 2852 per
317 2771 488 2835 servicium
502 2773 626 2837 decim
642 2775 744 2857 partis
757 2775 782 2860 j.
802 2773 825 2840 t.
841 2796 886 2841 m.

287 2924 387 3011 Hugo
402 2926 483 3013 Cary
498 2928 539 2993 de
554 2929 748 3016 Ganyngton
762 2934 798 2996 iu
813 2933 972 2996 comitatu
989 2934 1183 3010 Somersete,
1198 2932 1392 3018 gentilman,
1403 2930 1468 2993 fuit
1482 2929 1612 2993 seisitus
1627 2934 1690 3031 etc.
1703 2930 1745 3032 de

243 3016 339 3077 certis
355 3016 448 3079 terris
463 3022 498 3079 st
515 3020 710 3082 tenementis
725 3020 759 3082 in
779 3021 1005 3100 Srounounsr,
1022 3029 1055 3085 et
1070 3020 1182 3085 ecdem
1198 3030 1299 3085 terras
1314 3024 1348 3083 et
1364 3024 1551 3082 tenemento
1578 3024 1687 3081 tenuit
1709 3037 1744 3079 m

245 3102 384 3187 socagio‚
400 3109 435 3166 et
450 3104 559 3169 valent
573 3127 630 3189 per
645 3127 768 3171 annum
783 3108 869 3171 ultra
884 3110 1039 3192 rcprisam
1056 3130 1118 3173 os.

287 3264 378 3329 Idem
394 3266 493 3352 lingo
508 3267 590 3353 Cary
605 3270 670 3333 fuit
683 3271 814 3334 seisitus
830 3276 893 3337 cto.
910 3271 949 3336 de
964 3276 1063 3335 certis
1077 3273 1171 3335 terris
1193 3276 1228 3335 et
1249 3269 1447 3335 tenementis
1473 3268 1508 3331 in
1532 3266 1744 3345 Piscinas,

243 3358 278 3416 et
291 3354 406 3417 eadem
420 3360 522 3419 terras
537 3364 571 3421 et
586 3363 774 3421 tenementis
789 3359 898 3422 tenuit
912 3380 968 3442 per
983 3360 1154 3422 servicium
1171 3366 1283 3423 octave
1298 3358 1398 3441 partis
1414 3356 1439 3442 j.
1456 3354 1480 3419 i.
1496 3374 1542 3419 m.

286 3516 426 3580 Thomas
449 3516 613 3583 Chaucere
636 3520 677 3583 de
699 3517 872 3608 [Evelme]
894 3523 928 3585 in
953 3524 1113 3585 comitatu
1139 3522 1275 3597 Oxonie,
1300 3520 1451 3602 armiger,
1480 3518 1594 3581 etalii
1620 3517 1744 3583 ieoffati

244 3601 402 3670 Johannis
417 3603 531 3686 Blalre,
547 3605 965 3683 chivaler‚fi1eruntseisiti
981 3616 1043 3675 etc.
1059 3610 1100 3673 de
1116 3610 1260 3672 manerio
1284 3608 1324 3671 dc
1350 3608 1553 3672 Biunnnsvn
1579 3626 1653 3707 cum
1677 3608 1745 3709 suis

244 3693 465 3840 peptinenciis,
488 3701 522 3756 et
545 3692 627 3757 illud
653 3698 833 3759 manerium
857 3718 930 3759 cum
954 3698 1020 3761 suis
1043 3696 1253 3780 pertinenciis
1282 3699 1457 3758 tenuerunt
1489 3714 1544 3777 per
1573 3712 1744 3757 servicium

242 3799 267 3864 J.
298 3800 369 3845 .m.

289 3940 330 4003 In
344 3941 436 4027 cujus
450 3942 498 4006 rei
512 3946 576 4009 etc.

683 4279 919 4367 [Hnunnsnuu
942 4302 986 4347 nn
1008 4276 1302 4366 commissori]

286 4438 465 4523 inquisicio
488 4447 583 4525 capta
607 4444 694 4525 apud
717 4444 867 4507 Taunton
891 4448 925 4508 in
949 4448 1109 4509 comitatu
1135 4446 1315 4509 Somersste
1342 4443 1442 4507 tercio
1468 4442 1522 4506 die
1551 4438 1745 4505 Novembris

243 4547 329 4590 anno
366 4529 458 4611 regni
495 4530 581 4613 regis
619 4530 753 4593 Henrici
790 4535 873 4596 sexti
910 4534 1036 4597 decimo
1066 4553 1172 4596 coram
1200 4530 1325 4594 Thoma
1355 4528 1497 4607 Stoweli,
1526 4528 1644 4606 milite,
1680 4534 1743 4593 etc.

247 4620 295 4692 (cs
311 4614 438 4697 before),
454 4635 511 4697 per
526 4626 762 4681 sacramentum
780 4618 937 4683 Johannis
952 4619 1091 4704 Specie,
1106 4618 1266 4683 Johannis
1281 4616 1428 4693 Richsre‚
1437 4616 1575 4701 junioris
1596 4612 1744 4678 Nicholai

244 4701 408 4780 Walrond,
431 4700 556 4765 Thome
582 4704 751 4789 Herdyng‚
777 4706 911 4770 Henrici
937 4707 1059 4786 Canon,
1085 4705 1244 4775 Johannis
1268 4704 1447 4787 Chepman‚
1469 4663 1628 4769 Johannis
1644 4701 1745 4803 itere,

243 4786 402 4855 Johannis
416 4788 554 4867 (innuen
574 4790 732 4858 Johannis
757 4792 784 4854 F
785 4794 873 4871 orde,
899 4795 1029 4859 Ricardi
1055 4796 1150 4873 Bain,
1174 4793 1332 4861 Johannis
1359 4790 1514 4870 Garlond,
1539 4796 1574 4854 et
1599 4788 1746 4873 Ph111ppi

242 4874 394 4961 Tremo,
408 4878 465 4959 qui
479 4876 593 4942 dicunt
607 4899 704 4963 snper
719 4889 954 4945 sacramentum
970 4904 1064 4947 suum
1080 4882 1166 4966 quod
1179 4904 1232 4944 :—

286 5075 461 5155 Johannes,
486 5096 593 5140 comcs
623 5076 887 5165 Huntyngtonie,
917 5081 958 5144 ds
987 5082 1194 5166 Dertyngton
1224 5080 1259 5140 in
1299 5079 1460 5142 comitatu
1498 5074 1652 5155 Devonie‚
1668 5072 1747 5175 'fuir

242 5164 375 5226 seisitus
400 5164 434 5226 in
461 5164 624 5227 dominico
651 5184 708 5228 suo
732 5174 771 5231 ut
796 5168 837 5231 de
862 5168 963 5232 libero
989 5174 1179 5232 tenemento
1194 5168 1233 5231 dc
1249 5164 1374 5229 duabus
1388 5162 1537 5247 partibus
1552 5163 1690 5225 manerii
1705 5161 1746 5265 de

242 5249 443 5317 vannrou
459 5270 534 5314 curn
550 5252 617 5314 suis
631 5254 843 5334 pertinenciis
858 5256 911 5319 die
925 5256 1059 5319 Veneris
1084 5256 1229 5337 proximo
1244 5260 1322 5316 ante
1337 5252 1457 5316 testum
1484 5248 1596 5313 Sancti
1613 5249 1746 5312 Hillarir

240 5339 426 5420 proximum
441 5344 519 5401 ante
535 5337 646 5401 datam
661 5336 761 5425 hujus
775 5342 1010 5426 inquisicionis,
1019 5350 1055 5407 st
1066 5343 1137 5404 illas
1148 5343 1228 5406 duns
1243 5348 1350 5424 partes
1365 5358 1439 5401 cum
1454 5338 1520 5401 suis
1536 5338 1745 5423 pertinenciis

241 5423 357 5488 eodem
372 5424 427 5487 die
441 5425 575 5489 Veneris
591 5427 700 5490 tenuit
714 5448 771 5511 per
786 5430 956 5493 servicium
971 5429 1161 5494 medietatis
1176 5430 1201 5515 j.
1217 5430 1242 5495 i.
1258 5448 1303 5493 m.
