4117 6209
872 632 971 719 [ao.
998 632 1109 720 rasa]
1698 640 1736 703 11

282 920 663 987 unsaros-Heminae
686 922 835 985 Forestar
858 927 949 985 tenet
973 925 1006 983 in
1041 922 1202 989 Carpsros
1235 923 1382 1007 quinque
1405 924 1548 1005 virgatas
1578 930 1665 986 terre
1699 924 1740 987 de

237 1007 367 1071 Simone
383 1010 424 1071 de
442 1008 618 1086 Kerlmers,
635 1014 669 1071 et
685 1010 771 1071 idem
790 1010 901 1073 Simon
917 1009 958 1073 de
974 1028 1058 1091 rege,
1075 1022 1109 1073 et
1124 1013 1204 1072 t'acit
1219 1011 1297 1072 inde
1312 1011 1484 1073 servicium
1500 1011 1540 1072 ad
1557 1013 1740 1074 manerium

238 1094 278 1157 de
294 1095 439 1158 Gettoun
461 1098 587 1173 (rastas
603 1096 842 1179 Geytingdon).

281 1256 427 1341 Rogerus
450 1257 659 1341 Petewardyn
683 1264 776 1322 tenet
799 1261 832 1322 in
856 1260 968 1324 eadem
991 1260 1035 1323 xl.
1053 1260 1196 1343 virgatas
1219 1264 1303 1322 terre
1319 1259 1494 1341 decomite
1509 1259 1688 1337 Liucolnie,
1705 1263 1738 1321 et

238 1343 323 1407 idem
339 1364 447 1407 comes
462 1346 503 1407 de
517 1366 592 1429 rege
609 1348 659 1409 i.c.
676 1347 732 1409 sed
747 1352 810 1410 etc.

281 1496 686 1561 Nauuonu.—Willelmus
709 1498 748 1560 de
772 1497 976 1581 Swyneatord
1010 1504 1105 1561 tenet
1135 1500 1317 1562 manerium
1340 1498 1381 1561 de
1405 1500 1565 1566 Nausono
1587 1519 1662 1562 cum
1685 1520 1736 1564 xv.

239 1584 375 1665 virgatis
390 1594 475 1647 terre
491 1586 531 1647 de
547 1588 667 1648 comite
684 1585 865 1661 lincolnia,
881 1592 914 1647 et
930 1606 1036 1648 comes
1051 1587 1092 1649 de
1106 1606 1192 1671 rege,
1209 1586 1265 1648 sed
1281 1593 1345 1650 etc.

281 1749 421 1811 Domina
436 1752 566 1834 Agneta
583 1758 669 1814 tenet
687 1750 849 1813 iraeadem
865 1771 894 1815 x.
911 1752 1053 1835 virgatas
1068 1756 1155 1813 terre
1170 1751 1210 1814 de
1225 1751 1319 1814 feodo
1335 1751 1575 1829 Huutindonie,
1591 1753 1647 1815 sed
1663 1756 1725 1816 etc.

281 1912 441 1975 Robertus
471 1912 557 1976 filius
589 1914 722 1976 Walteri
754 1919 845 1977 tenet
875 1916 908 1976 in
942 1914 1057 1975 eadem
1084 1936 1113 1978 x.
1142 1915 1283 1999 virgatas
1309 1918 1394 1977 terre
1420 1914 1460 1976 de
1483 1914 1599 1977 abbate
1627 1914 1739 1978 Sancti

239 1998 414 2077 Edmundi,
431 2000 488 2063 sed
503 2008 566 2065 etc.

283 2152 636 2218 Ramnes—Simon
648 2152 687 2215 de
700 2152 866 2217 Kerlmers
879 2159 973 2217 tenet
984 2153 1027 2236 vj.
1039 2153 1180 2237 virgatas
1195 2161 1280 2216 terre
1296 2154 1332 2215 in
1349 2154 1532 2219 Knaunaas
1547 2153 1587 2217 de
1602 2173 1675 2239 rege
1687 2156 1737 2217 io.

282 2313 467 2378 Willelmus
483 2315 656 2399 Hauberge
670 2322 763 2380 tenet
778 2318 813 2378 in
829 2316 944 2379 eadem
962 2315 1052 2398 xviij.
1069 2316 1211 2398 virgatas
1232 2320 1318 2379 terre
1343 2315 1384 2378 de
1400 2316 1547 2379 Johaune
1562 2317 1604 2379 de
1620 2316 1738 2400 Herys,

238 2408 273 2465 et
288 2402 375 2464 idem
389 2401 554 2465 Johaunes
570 2404 711 2488 detege,
727 2410 761 2467 et
777 2408 828 2466 est
844 2404 884 2467 de
902 2404 996 2466 feodo
1013 2402 1186 2467 Peverelli.

282 2563 448 2627 Johannes
464 2564 503 2627 de
518 2565 655 2647 Tyffeud
671 2569 763 2628 tenet
781 2587 810 2629 x.
828 2567 972 2648 virgatas
987 2571 1073 2629 terre
1090 2567 1124 2627 in
1140 2565 1255 2643 eadem
1270 2566 1311 2628 de
1332 2569 1453 2630 comite
1476 2567 1690 2648 Gloucestrie,
1704 2574 1738 2631 et

240 2652 326 2713 idern
342 2672 451 2714 comes
465 2653 505 2714 de
522 2673 595 2735 rege
610 2654 664 2717 i.c.
680 2654 734 2715 aed
751 2659 813 2717 etc.

282 2812 713 2879 Manassen-iohannes
735 2814 776 2877 de
800 2814 921 2896 Seyton
945 2819 1036 2879 tenet
1059 2837 1111 2879 xx.
1129 2817 1268 2899 virgatas
1292 2821 1377 2878 terre
1400 2816 1434 2879 in
1452 2818 1681 2883 Mamaeanas
1696 2818 1737 2881 de

238 2900 369 2963 baronia
384 2902 421 2964 de
440 2902 649 2980 Woltrinton,
663 2908 696 2963 et
712 2901 826 2964 eadem
844 2902 885 2965 de
900 2922 974 2985 rege
991 2909 1133 2982 tenetur,
1149 2903 1206 2966 sed
1221 2909 1284 2967 etc.

281 3061 464 3145 Stephanus
479 3062 585 3126 Rabaz
600 3067 691 3127 tenet
707 3066 741 3126 in
757 3063 870 3126 eadem
887 3063 964 3125 villa
979 3062 1019 3123 de
1037 3062 1246 3129 Marunwann
1262 3064 1305 3147 vj.
1323 3066 1467 3149 virgatas
1483 3072 1569 3129 terre
1592 3067 1633 3129 de
1655 3066 1737 3151 Elya

239 3149 401 3234 Rabsyne,
418 3156 452 3214 et
467 3150 555 3213 idern
572 3150 694 3233 Elya(s)
713 3152 754 3215 de
770 3151 864 3214 feodo
880 3150 993 3214 Sancti
1010 3149 1188 3226 Edmundi,
1204 3152 1258 3214 sed
1274 3159 1337 3216 etc.

282 3303 726 3369 Hasannscu.-Willelmus
743 3302 876 3365 Burnell
890 3308 985 3366 tenet
1001 3304 1035 3364 in
1047 3302 1125 3365 villa
1139 3304 1179 3366 de
1191 3304 1396 3369 Hasnuaacu
1409 3326 1483 3369 xxv.
1495 3308 1637 3391 virgatas
1652 3313 1738 3373 terre

239 3391 278 3454 de
292 3392 413 3455 comite
428 3391 616 3473 Wyntonie‚
631 3399 665 3453 et
680 3391 768 3453 idem
784 3412 891 3453 comes
907 3391 947 3453 de
963 3410 1038 3473 rega
1053 3392 1106 3453 i.c.

284 3541 732 3611 Smaacaosr.—Nioholaus
747 3544 778 3606 le
793 3541 912 3606 Archer
928 3548 1021 3605 tenet
1037 3542 1148 3604 villam
1171 3543 1212 3606 de
1239 3544 1451 3609 Sraancaorr
1465 3546 1506 3607 de
1521 3566 1595 3630 rege
1611 3548 1663 3609 io.
1679 3568 1737 3631 per

239 3630 427 3714 serjantiam
443 3632 633 3693 inveniendi
649 3632 781 3693 domiuo
793 3633 860 3715 regi
872 3650 974 3693 unum
991 3627 1157 3691 hominem
1172 3650 1247 3692 oum
1263 3651 1340 3693 arcu
1354 3637 1387 3693 et
1404 3634 1536 3714 sagittis
1547 3634 1580 3694 in
1593 3636 1736 3697 exercitu

239 3739 296 3781 auo
311 3719 396 3781 infra
411 3724 520 3781 metas
534 3717 652 3800 Anglie
668 3739 725 3801 per
741 3719 784 3782 xl.
801 3720 870 3781 dies
886 3719 927 3780 ad
943 3726 1073 3780 custum
1090 3738 1185 3780 suum
1202 3719 1379 3801 proprium.

281 3880 387 3945 Abbas
410 3878 521 3943 Sancti
543 3879 669 3957 iacobi,
684 3877 948 3955 Northamtonie,
962 3884 1058 3942 tenet
1080 3878 1129 3964 iij.
1147 3842 1287 3963 virgatas
1311 3883 1395 3941 terre
1418 3879 1453 3939 in
1476 3880 1589 3941 eadem
1606 3878 1685 3942 villa
1699 3878 1738 3942 de

239 3988 314 4052 rege
329 3972 380 4031 ic.
396 3968 562 4031 reddendo
578 3967 683 4029 eidem
699 3970 766 4050 regi
785 3986 979 4049 perannum
996 3988 1027 4030 x.
1039 3990 1064 4030 s.

273 4120 573 4273 d{togaton-abbas
596 4120 637 4184 de
660 4119 774 4202 Soleby
791 4126 884 4182 tenet
901 4120 1012 4182 villam
1036 4118 1076 4180 de
1101 4120 1229 4184 Sonans
1245 4118 1285 4181 de
1307 4117 1424 4180 abbate
1442 4117 1735 4199 westmonasterii,

238 4230 272 4273 se
308 4229 369 4273 ec.

280 4346 661 4413 Homona—Walterus
677 4346 717 4408 de
733 4344 882 4408 Dosevile
899 4352 991 4408 tenet
1007 4346 1042 4407 iu
1059 4344 1136 4406 villa
1151 4347 1191 4407 de
1208 4344 1371 4407 Horuone
1385 4364 1416 4407 x.
1433 4344 1576 4425 virgatas
1591 4350 1674 4408 terre
1696 4346 1737 4409 de

236 4434 329 4497 feodo
346 4435 459 4497 Sancti
475 4433 651 4510 Edmundi,
667 4453 726 4496 nec
743 4432 779 4495 tit
795 4434 923 4495 mencio
938 4439 1001 4495 etc.

281 4584 477 4649 Godeiridus
492 4583 614 4667 Poleyn
630 4589 724 4646 tenet
739 4584 773 4645 in
790 4583 904 4645 eadem
921 4604 951 4646 x.
964 4584 1105 4664 virgatas
1120 4586 1206 4643 terre
1222 4580 1261 4641 de
1277 4578 1297 4641 J
1300 4578 1425 4641 ohanne
1441 4578 1584 4656 verdun,
1600 4587 1635 4642 ct
1648 4579 1736 4643 idem

237 4672 401 4738 Johanues
416 4677 510 4735 tenet
525 4672 564 4734 de
581 4670 728 4734 Johanne
744 4671 783 4733 de
800 4672 976 4755 Hastiuge,
992 4679 1025 4731 et
1042 4670 1132 4731 idem
1147 4666 1311 4729 Johannes
1327 4667 1366 4730 de
1381 4688 1458 4750 rege
1474 4667 1525 4730 i.c.
1542 4668 1597 4731 sed
1612 4674 1676 4731 etc.

280 4822 682 4889 Massaron—tt'illelmus
704 4821 833 4883 Trossel
856 4826 949 4883 tenet
966 4820 1077 4883 villam
1100 4820 1140 4881 de
1162 4818 1323 4882 Massaron
1339 4818 1379 4878 de
1396 4818 1523 4879 Andrea
1538 4819 1578 4880 de
1594 4819 1737 4901 Estieye‚

237 4916 270 4973 et
286 4912 372 4974 idem
390 4912 532 4973 Andreas
547 4909 587 4971 de
605 4908 744 4971 Roberto
759 4909 801 4972 de
818 4908 943 4990 Vyvile,
959 4914 994 4970 et
1009 4907 1096 4970 idem
1113 4904 1272 4967 Robertus
1288 4904 1328 4966 de
1345 4906 1464 4967 comite
1490 4904 1686 4990 Leycestrie,
1703 4914 1736 4970 et

236 4997 321 5061 idem
338 5018 447 5061 cornea
462 4997 503 5060 de
518 5017 603 5079 rege,
620 4996 676 5058 sed
692 5002 753 5060 etc.

279 5151 392 5216 Tuoar
415 5150 509 5234 juxta
532 5146 878 5231 Laannuau.·-Hugo
901 5148 940 5208 de
965 5145 1181 5228 Loterington
1198 5148 1292 5206 tenet
1307 5142 1421 5205 villam
1443 5143 1484 5205 de
1509 5144 1623 5209 Tarona
1640 5143 1737 5225 juxta

237 5236 423 5303 Laaaunsu
438 5236 480 5298 dc
496 5235 644 5299 Gilberto
658 5236 699 5298 de
715 5233 833 5312 Nevill,
848 5234 936 5297 idem
953 5233 1121 5296 Gitbertus
1135 5232 1176 5293 de
1191 5229 1316 5293 Thoma
1331 5230 1478 5305 Mallote,
1493 5232 1582 5294 idem
1596 5232 1736 5292 Thomas

236 5326 433 5477 mosim
448 5324 489 5385 de
499 5323 641 5406 Wyvsse,
653 5324 740 5385 idem
752 5322 911 5386 Robertus
926 5322 967 5384 de
982 5321 1101 5383 comite
1114 5319 1305 5401 leycestrie,
1318 5322 1352 5378 et
1368 5318 1456 5379 idem
1471 5338 1578 5381 comes
1592 5316 1632 5378 de
1648 5335 1737 5398 rege,
