4117 6209
293 625 356 690 186
947 624 1140 696 OXFORD.

332 910 523 976 Elisabetha
546 912 733 995 Dymmolre
755 919 849 978 tenet
863 915 898 978 ιιι
914 915 1024 979 dotem
1039 920 1128 978 certa
1142 918 1242 978 terras
1257 919 1291 977 et
1306 917 1495 977 tenemeuta
1510 914 1545 977 iu
1562 913 1610 979 Iu
1626 913 1709 992 Las,
1725 935 1790 999 que

288 1017 391 1081 nuper
405 997 539 1064 fuerunt
551 1000 710 1066 Jchannis
724 1001 763 1065 de
778 1002 953 1086 Eb(o)raco
968 1023 1027 1086 per
1042 1002 1215 1066 servicium
1231 1002 1329 1066 tercie
1344 1002 1447 1084 partis
1463 1001 1487 1065 f.
1503 1021 1549 1067 m.

332 1144 517 1209 Willelmus
532 1145 708 1210 Shutforde
724 1152 815 1211 tenet
829 1147 1011 1213 inmediate
1025 1149 1062 1210 iu
1076 1147 1239 1211 dominico
1254 1166 1312 1210 suo
1326 1151 1365 1209 ut
1388 1145 1428 1209 de
1452 1145 1548 1210 feodo
1574 1150 1662 1213 certa
1687 1151 1788 1210 terras

288 1237 325 1382 hi
346 1238 536 1385 perppmenta
560 1233 595 1297 ιιι
622 1233 811 1314 suessona,
838 1255 899 1320 que
924 1255 1027 1319 nuper
1055 1234 1186 1298 fuerunt
1213 1234 1348 1298 Hemici
1374 1233 1524 1318 Croppuy
1539 1254 1596 1316 per
1615 1233 1787 1297 servicium

332 1453 475 1517 Heredes
489 1451 613 1518 Thome
628 1454 753 1539 Ralegh
768 1459 883 1519 tenent
897 1460 987 1519 certa
1001 1461 1105 1520 terras
1119 1465 1153 1519 et
1168 1460 1356 1520 tenemento
1371 1456 1406 1519 in
1421 1455 1543 1522 Msorrs
1558 1454 1707 1534 Bouron,
1724 1474 1789 1538 qus

287 1561 392 1625 nuper
405 1540 541 1604 fuerunt
556 1542 657 1605 Elone
672 1541 857 1606 Gasseboue
875 1545 943 1623 (aie)
958 1563 1015 1626 per
1031 1544 1203 1606 servicium
1219 1543 1264 1608 di.
1281 1543 1304 1609 i.
1321 1564 1366 1608 m.

331 1687 494 1750 iohannes
502 1686 646 1751 Danvers
656 1693 746 1753 tenet
760 1689 954 1752 immediate
969 1695 1056 1754 certa
1071 1698 1174 1753 terras
1188 1697 1223 1753 et
1238 1693 1427 1753 tenements
1441 1690 1476 1752 in
1492 1689 1630 1756 Bassos
1645 1689 1788 1773 predicta

288 1794 324 1923 ρρρ
348 1774 512 1926 ροιῐριιιιιοο
537 1794 596 1838 suo
618 1780 658 1839 ut
680 1777 720 1840 de
744 1776 849 1854 feodo,
873 1797 937 1861 que
960 1796 1066 1861 nuper
1088 1775 1221 1840 fuerunt
1242 1775 1374 1841 Roberti
1389 1777 1429 1840 de
1444 1776 1528 1840 Aula
1544 1797 1601 1860 per
1616 1778 1786 1840 servicium

334 1999 429 2063 Idem
445 1998 608 2064 iohannes
623 2004 717 2065 tenet
730 2001 922 2066 immediate
935 2002 970 2064 in
987 2002 1152 2067 dominico
1166 2007 1229 2067 etc.
1245 2007 1335 2066 certa
1351 2008 1453 2067 terras
1479 2009 1514 2066 et
1536 2007 1727 2066 tenementa
1751 2002 1785 2065 in

290 2087 398 2152 Psavs
412 2088 562 2165 Bassos,
578 2108 641 2171 que
655 2109 759 2172 nuper
773 2087 908 2153 fuerunt
925 2088 1081 2153 Willelmi
1097 2089 1238 2154 Dauvers
1252 2111 1309 2173 per
1325 2090 1498 2153 servicium
1513 2089 1666 2154 militare.

333 2235 427 2298 Prior
440 2235 481 2298 de
497 2233 678 2300 Ohaoombe
693 2240 729 2298 et
743 2235 829 2319 prior
842 2236 884 2299 de
900 2235 1082 2300 Clatercote
1108 2240 1224 2301 tenent
1246 2243 1336 2300 certa
1358 2243 1458 2300 terras
1482 2243 1517 2300 et
1542 2241 1733 2300 tenemeuts
1752 2235 1786 2298 in

291 2323 399 2387 Psavs
428 2322 566 2388 Bouron
595 2323 750 2406 predicta,
781 2343 845 2407 que
873 2343 976 2406 nuper
1005 2323 1138 2387 fuerunt
1165 2323 1324 2388 Willelmi
1355 2323 1498 2388 Dauvers
1527 2343 1584 2406 per
1614 2323 1786 2386 servicium

289 2409 352 2495 iiij.
368 2411 472 2492 partis
486 2409 511 2493 j.
527 2410 552 2475 i.
568 2431 614 2475 m.
631 2430 689 2493 pro
703 2410 822 2493 quibus
837 2411 968 2476 solvunt
981 2412 1123 2475 decimas
1137 2411 1266 2495 quando
1282 2411 1408 2475 decime
1422 2415 1570 2475 canunt.

333 2555 495 2619 Henricus
518 2554 664 2639 Frebody
690 2560 783 2621 tenet
809 2557 1003 2622 immediate
1019 2563 1110 2621 certa
1125 2563 1228 2622 terras
1243 2566 1278 2621 et
1293 2558 1530 2622 tenementum
1547 2556 1785 2634 Wsauruorou,

289 2662 353 2727 que
367 2662 470 2726 nuper
482 2642 616 2707 suerunt
632 2642 793 2708 Willelmi
809 2644 911 2728 Ulger
926 2665 982 2730 per
996 2646 1170 2709 servicium
1185 2645 1221 2731 ij.
1236 2647 1381 2728 partium
1391 2644 1417 2728 j.
1433 2643 1457 2711 f.
1474 2665 1520 2710 m.

331 2786 496 2854 Johanues
511 2788 627 2853 Waver
642 2796 731 2855 tenet
746 2791 937 2856 immediate
951 2793 987 2855 in
1002 2791 1167 2855 dominico
1181 2797 1243 2856 etc.
1260 2797 1345 2855 certa
1361 2799 1463 2856 terras
1476 2794 1512 2853 et
1537 2795 1726 2854 tenementa
1750 2791 1785 2852 in

288 2876 527 2956 Wssnnvorou,
541 2898 605 2960 que
620 2898 722 2962 nuper
737 2878 871 2943 fuerunt
886 2879 1020 2943 Roberti
1036 2879 1138 2966 Ulger
1152 2900 1208 2962 per
1223 2880 1395 2943 servicium
1411 2878 1482 2963 viij.
1499 2878 1601 2962 partis
1615 2877 1637 2943 i.
1653 2897 1697 2943 m.

331 3022 499 3089 Johanues
511 3028 579 3105 (sic)
593 3034 626 3091 et
636 3025 803 3091 iohannes
814 3027 922 3111 Densy
932 3032 1049 3092 tenent
1060 3035 1149 3092 certa
1160 3033 1260 3092 terras
1271 3033 1306 3092 et
1317 3030 1505 3092 tenemento
1514 3026 1548 3088 in
1557 3024 1780 3092 Wsauruororv

287 3111 444 3194 predicta,
460 3133 523 3195 que
538 3134 642 3198 nuper
657 3113 791 3178 fuerunt
805 3115 939 3179 Roberti
956 3114 1057 3200 Ulger
1072 3137 1131 3200 per
1145 3115 1316 3180 servicium
1332 3115 1401 3202 viij.
1418 3115 1519 3198 partis
1534 3113 1556 3178 i.
1573 3133 1618 3178 m.

332 3260 521 3324 Elisabetha
557 3260 813 3327 Williamescote
849 3269 943 3328 tenet
980 3264 1017 3327 in
1053 3263 1165 3329 dotem
1202 3268 1290 3328 certa
1327 3269 1429 3328 terras
1465 3269 1499 3326 et
1528 3263 1714 3324 tenemento
1748 3259 1784 3321 iu

287 3347 576 3427 warmacan,
591 3369 656 3434 que
670 3369 772 3434 nuper
787 3351 920 3414 iuomnt
933 3349 1092 3415 Jchannis
1108 3351 1365 3416 Williamescote
1380 3371 1437 3434 per
1451 3349 1622 3414 servicium
1636 3346 1662 3433 j.
1678 3346 1700 3411 f.
1715 3366 1760 3412 m.

329 3494 493 3559 Johauues
508 3494 651 3560 Danvers
665 3502 758 3561 tenet
771 3498 965 3563 immediate
980 3500 1015 3562 iu
1029 3499 1191 3563 dominico
1206 3503 1271 3566 etc.
1283 3503 1372 3562 certa
1386 3503 1486 3561 terras
1500 3505 1536 3559 et
1549 3499 1736 3560 tenemento
1749 3495 1784 3556 in

286 3583 464 3661 Pausroor,
478 3604 541 3668 que
555 3583 802 3668 superfuerunt
816 3585 848 3648 N
849 3583 968 3652 icholai
982 3586 1170 3671 Trymensll
1184 3607 1242 3670 per
1256 3587 1432 3650 servicium
1447 3584 1473 3669 j.
1489 3584 1513 3647 f.
1530 3603 1576 3649 m.

330 3728 471 3794 Heredes
500 3727 624 3792 Thome
652 3729 796 3816 Raleghe
825 3736 939 3796 teuent
968 3731 1160 3796 immediate
1183 3734 1218 3796 in
1244 3732 1408 3795 dominico
1430 3734 1493 3795 eto.
1509 3732 1599 3792 certa
1622 3733 1725 3792 terras
1750 3731 1785 3791 st

284 3815 544 3989 ἓροεὶιρῗριῐρίειρ
562 3815 730 3970 gazaeos,
755 3838 817 3901 que
840 3838 945 3903 nuper
967 3818 1099 3884 fuerunt
1126 3818 1287 3884 Willelmi
1312 3817 1507 3902 Grymsoote
1534 3835 1592 3898 per
1613 3816 1785 3880 servicium

327 4047 466 4114 Thomas
481 4049 675 4134 Wykeham,
688 4049 844 4129 chivaler,
857 4057 950 4116 tenet
971 4052 1163 4116 immediate
1185 4053 1219 4116 iu
1246 4050 1412 4114 dominico
1437 4051 1501 4110 etc.
1517 4051 1606 4108 certa
1628 4049 1730 4108 terras
1751 4053 1786 4109 et

285 4143 473 4202 tenemento
486 4139 522 4200 ιιι
532 4139 739 4205 Baooorrrou
754 4140 789 4202 in
803 4138 971 4203 hundredo
985 4139 1025 4202 de
1041 4136 1213 4215 Bloxham,
1227 4157 1290 4221 que
1306 4156 1410 4219 nuper
1424 4133 1556 4196 fuerunt
1570 4131 1592 4193 J
1593 4128 1729 4193 ohannis
1744 4131 1786 4193 de

285 4223 474 4310 Broughton
490 4245 547 4309 per
561 4227 736 4290 servicium
750 4225 776 4311 j.
792 4226 816 4291 f.
834 4246 880 4292 m.

328 4366 420 4430 Idem
436 4367 574 4431 Thomas
589 4373 680 4431 tenet
693 4368 884 4431 immediate
898 4375 962 4434 etc.
977 4373 1066 4432 certa
1081 4375 1182 4432 terras
1197 4375 1231 4432 et
1248 4369 1438 4430 tenemento
1452 4365 1487 4427 in
1504 4363 1704 4441 Nsvvnuuorv,
1720 4383 1784 4445 que

285 4474 389 4538 nuper
401 4454 534 4520 fuerunt
548 4454 707 4519 Jchannis
722 4455 860 4540 Segrave
875 4476 933 4539 per
946 4457 1119 4520 servicium
1136 4455 1171 4541 ij.
1188 4455 1211 4521 f.
1227 4471 1399 4539 parvorum
1413 4473 1459 4518 m.

328 4600 492 4665 Johaunes
507 4601 691 4686 Langeston
706 4604 799 4664 tenet
813 4601 1004 4666 immediate
1019 4608 1084 4666 etc.
1097 4607 1186 4665 certa
1200 4608 1303 4666 terras
1320 4605 1354 4664 et
1370 4603 1556 4664 tenemento
1569 4597 1604 4661 iu
1621 4596 1786 4663 Horum

285 4694 317 4754 et
334 4689 509 4765 Honnrnn,
525 4707 589 4769 que
604 4707 709 4770 nuper
723 4686 855 4752 sumunt
870 4687 1004 4753 Ricardi
1019 4690 1060 4752 de
1077 4687 1196 4753 Sutton
1215 4710 1273 4774 per
1288 4689 1463 4752 servicium
1477 4684 1522 4751 di.
1538 4685 1562 4751 f.
1578 4704 1624 4749 m.

328 4833 469 4898 Thomas
479 4830 650 4896 Wikehsm
664 4838 756 4897 tenet
771 4835 961 4899 immediate
976 4842 1040 4903 etc.
1055 4841 1144 4900 certa
1158 4842 1262 4902 terras
1276 4841 1311 4901 et
1325 4838 1515 4900 tenemento
1530 4832 1565 4896 ιιι
1575 4833 1784 4909 Anosvurou,

278 4916 348 5006 ¹que
363 4940 466 5003 nuper
480 4918 613 4984 inerunt
627 4921 785 4984 Almarici
799 4921 839 4986 de
856 4920 975 4987 Sancto
991 4924 1139 4988 Amaudo
1155 4946 1211 5008 per
1227 4923 1398 4990 servicium
1413 4923 1458 4988 di.
1474 4921 1495 4985 i.
1514 4941 1559 4988 m.

327 5067 468 5131 Thomas
491 5065 630 5150 Strange
654 5069 746 5129 tenet
771 5068 961 5133 immediate
985 5077 1049 5136 etc.
1075 5077 1164 5136 certa
1190 5078 1291 5136 terras
1316 5077 1351 5135 et
1375 5072 1562 5134 tenemento
1587 5067 1621 5129 in
1640 5063 1784 5132 Susroao

284 5156 437 5234 Gowsas
452 5173 516 5239 que
530 5152 779 5235 superfuerunt
794 5154 972 5221 Baldevvini
987 5158 1113 5242 Fryvill
1127 5180 1185 5244 per
1200 5159 1372 5224 servicium
1387 5159 1433 5224 di.
1449 5158 1474 5222 f.
1490 5177 1536 5222 m.

325 5297 490 5366 Johannes
506 5300 694 5383 Langestou
710 5303 802 5365 tenet
816 5303 1009 5370 immediate
1024 5310 1088 5371 etc.
1106 5306 1318 5370 medietatem
1332 5304 1358 5390 j.
1375 5302 1399 5368 i.
1415 5323 1460 5370 m.
1484 5300 1571 5384 quod
1593 5317 1697 5382 nuper
1719 5295 1785 5360 tuit

284 5387 408 5452 Thome
423 5385 615 5471 Addurbury
627 5391 661 5450 et
675 5385 798 5453 Thome
814 5387 944 5454 Holond
959 5393 995 5455 in
1012 5393 1157 5461 Smsoau
1173 5393 1316 5462 Govvsas
1332 5411 1386 5476 per
1401 5390 1575 5454 servicium
1589 5386 1636 5451 di.
1652 5384 1674 5447 i.
1691 5404 1735 5450 m.

2047 4602 2054 4696 ι
