4117 6209
903 1118 1215 1238 Sontini.

841 1375 938 1449 Au).
981 1374 1257 1452 1284—128b.

775 1583 995 1650 Hnnununuu
1018 1605 1063 1649 uu
1086 1583 1326 1652 ABBEDIOK.

339 1744 547 1810 Vsredictnm
573 1746 734 1810 hundredi
756 1747 797 1810 de
813 1745 962 1811 Abbedik
985 1747 1073 1809 iacta
1098 1749 1167 1823 (sic)
1192 1767 1278 1810 anno
1300 1749 1392 1831 regui
1415 1747 1502 1832 regis
1525 1745 1676 1810 Edwardi
1698 1747 1799 1808 torcio

296 1833 423 1896 decimo
438 1854 495 1917 per
510 1839 751 1897 sacramentum
775 1833 895 1918 Rogeri
917 1833 959 1896 de
982 1833 1208 1919 Stokelingch‚
1226 1833 1359 1898 Roberti
1382 1835 1423 1898 de
1447 1834 1592 1910 enforde,
1614 1831 1737 1896 Thome
1758 1833 1799 1896 de

228 1932 232 1942 “
295 1920 501 1998 Moutcsorel,
528 1920 679 2005 Hngonis
703 1921 855 1999 Enetum,
883 1919 1037 1984 Willelmi
1066 1921 1210 2003 Silveyn,
1236 1921 1382 2004 Philippi
1410 1922 1450 1985 de
1478 1921 1589 1997 Boion,
1615 1919 1738 1982 Thome
1768 1919 1797 1982 le

295 2007 408 2158 fficium
422 2005 582 2073 Jobuunis
603 2008 644 2070 de
667 2007 825 2086 Brodene,
841 2006 972 2072 Roberti
1000 2006 1119 2086 Bozou,
1138 2009 1269 2071 Roberli
1286 2007 1434 2092 Vigerus,
1451 2009 1581 2071 Roberti
1599 2009 1749 2082 Enniam,
1764 2014 1796 2070 et

318 2114 338 2158 o
362 2096 457 2158 annis
472 2095 513 2160 de
529 2094 716 2160 Hcselbere.

919 2231 1179 2244 ..ι-*-

339 2349 389 2414 De
403 2349 489 2414 villis
503 2350 619 2414 dicunt
633 2350 720 2433 qnod
731 2373 785 2414 r·-

338 2489 446 2554 Abbne
461 2489 502 2552 de
517 2486 715 2573 Muchelnye
730 2493 822 2553 tenet
837 2493 1015 2556 manerium
1032 2493 1073 2556 de
1089 2493 1316 2559 quunureunu
1331 2513 1405 2556 cum
1425 2493 1585 2558 Furnius
1603 2491 1642 2554 de
1664 2491 1795 2553 domino

295 2597 369 2662 rege
384 2578 437 2643 i.c.
454 2597 510 2660 pro
526 2577 547 2640 i.
558 2577 586 2660 j.
602 2597 647 2642 m.
664 2581 698 2640 ei
713 2576 799 2641 idem
815 2577 913 2641 abbas
928 2585 1022 2644 tenet
1038 2581 1074 2643 in
1090 2587 1281 2664 perpetuum
1297 2580 1518 2645 elemosinam.

338 2715 444 2780 Abbne
472 2714 513 2778 de
543 2712 783 2800 Athelingenye
814 2719 906 2780 tenet
935 2720 1118 2780 manerium
1148 2719 1188 2780 de
1222 2718 1323 2783 huon
1355 2718 1395 2781 de
1424 2717 1556 2780 domino
1583 2735 1657 2799 rege
1682 2717 1734 2778 ic.
1759 2715 1793 2776 in

295 2807 483 2886 perpetuam
500 2800 721 2864 elemosinam.

337 2939 449 3003 Simon
465 2939 507 3003 ds
522 2939 636 3002 Monte
651 2940 756 3003 Acnto
772 2945 865 3005 tenet
880 2941 1088 3008 Duunnonuu
1103 2943 1144 3006 de
1160 2943 1293 3005 domino
1317 2963 1392 3027 rege
1408 2943 1459 3006 ic.
1481 2945 1516 3003 et
1538 2944 1586 3002 eet
1609 2937 1790 3001 membrum

293 3027 425 3092 beronis
440 3026 481 3090 de
497 3024 673 3109 Schepton,
692 3047 748 3111 per
765 3027 851 3111 quod
866 3029 1039 3094 servicium
1056 3031 1215 3095 nesciunt.

336 3163 488 3226 Marildis
524 3163 565 3226 de
602 3163 746 3227 Moletou
785 3169 878 3228 tenet
908 3167 1069 3232 Asunuuu
1106 3167 1147 3231 de
1182 3166 1324 3231 Isubella
1359 3168 1401 3230 de
1439 3164 1603 3241 Fortibus,
1630 3161 1794 3226 comitisse

295 3249 501 3329 Albemarlie,
518 3271 575 3334 pro
590 3269 690 3333 parvo
705 3252 728 3313 f.
742 3252 767 3338 j.
783 3273 829 3317 m.
845 3253 886 3318 de
901 3253 1148 3339 Moretoyngne‚
1164 3260 1199 3317 et
1214 3255 1306 3318 dicta
1320 3255 1487 3318 comitissa
1502 3258 1593 3315 tenet
1606 3251 1647 3315 de
1663 3248 1793 3312 domino

292 3358 378 3423 rege.

337 3473 504 3538 Johaunes
519 3473 560 3538 de
575 3473 695 3538 Briwes
710 3481 802 3539 leuci
818 3479 1000 3541 manerium
1016 3477 1057 3541 de
1071 3477 1219 3545 Sursum
1234 3478 1414 3541 dedomino
1428 3496 1503 3561 rege
1518 3478 1569 3541 i.c.
1580 3495 1637 3560 pro
1648 3475 1692 3537 di.
1702 3474 1725 3538 f.
1735 3493 1793 3549 m„

292 3569 326 3627 ei
343 3562 490 3630 screnus
507 3567 556 3625 est
572 3563 606 3625 iu
622 3563 771 3626 custodia
786 3564 910 3627 domiui
927 3568 1023 3649 regis.

336 3701 501 3764 lohannes
517 3699 556 3764 de
572 3699 706 3785 Pavnlly
723 3707 815 3765 leuci
837 3703 1020 3766 manerium
1043 3705 1084 3766 de
1107 3703 1331 3770 Bmsuuuuus
1353 3701 1393 3764 de
1414 3700 1547 3764 domino
1569 3719 1644 3783 rege
1668 3699 1720 3763 i.c.
1737 3717 1794 3781 pro

291 3789 316 3853 f.
332 3788 357 3874 j.
373 3809 419 3854 m.
437 3793 471 3852 st
487 3787 711 3854 Bmuuuuuuu
728 3795 780 3851 est
795 3789 828 3852 iu
844 3791 993 3854 custodia
1008 3791 1133 3854 domini
1149 3791 1244 3875 regis.

336 3924 500 3990 Johuunee
521 3925 562 3988 de
584 3922 677 3990 Bello
701 3924 822 4010 Campo
847 3927 957 3991 tenuit
971 3930 1152 3992 manerium
1169 3927 1209 3990 de
1223 3926 1362 3993 Hucouu
1376 3926 1416 3988 de
1430 3925 1563 3988 domiuo
1577 3943 1653 4006 rege
1668 3923 1722 3987 ic.
1739 3940 1795 4004 pro

292 4014 316 4079 f.
333 4014 356 4099 j.
373 4034 417 4079 m.
434 4016 469 4076 et
484 4011 623 4079 Hroous
638 4017 689 4076 esi
706 4014 739 4075 iu
756 4015 904 4078 custodia
918 4016 1043 4078 domiui
1059 4017 1155 4100 regis.

295 4237 302 4254 ι
335 4151 435 4236 Hugo
459 4149 568 4234 Poynz
593 4153 684 4214 tensi
703 4153 884 4216 manerium
901 4154 940 4216 de
957 4153 1041 4220 Cum
1057 4153 1176 4219 Munus
1191 4153 1231 4215 de
1245 4150 1377 4214 domiuo
1392 4170 1468 4234 rege
1482 4151 1535 4214 i.c.
1552 4169 1610 4232 per
1623 4147 1794 4210 servicium

291 4259 315 4324 1.
332 4259 377 4304 m.

336 4372 495 4437 Roberlus
510 4373 551 4437 de
566 4374 597 4437 ln
614 4373 725 4439 Fenus
740 4381 773 4439 et
789 4375 949 4455 iohanne,
966 4397 1044 4440 uxor
1059 4378 1143 4464 ejus,
1155 4380 1270 4440 tenent
1289 4376 1544 4444 Srounumccus
1559 4392 1616 4457 pro
1631 4372 1654 4437 f.
1664 4371 1689 4457 j.
1699 4391 1745 4436 m.
1755 4370 1795 4434 de

291 4460 422 4524 domino
438 4461 628 4539 Dunsierre,
642 4468 676 4526 ei
691 4463 844 4527 domiuus
858 4464 900 4527 de
915 4465 1093 4528 Dnnsterre
1107 4467 1149 4528 de
1162 4484 1251 4549 rege.

337 4597 519 4662 willelmus
545 4599 576 4662 lc
602 4599 745 4664 Ostricer
772 4607 863 4666 tenet
892 4602 1000 4670 Snouu
1017 4603 1184 4669 Osrmzun
1198 4601 1238 4664 de
1253 4600 1356 4662 lllsno
1371 4597 1535 4661 Plulrenei
1549 4615 1607 4680 per
1620 4596 1792 4660 servicium

291 4685 332 4748 nd
348 4705 440 4749 muer
457 4689 525 4764 (sic)
544 4707 645 4750 unum
662 4685 883 4775 ostur[cnm],
896 4697 931 4753 et
948 4689 1069 4752 Alanus
1083 4689 1247 4752 Plulrenet
1262 4695 1354 4750 tenet
1369 4686 1410 4748 de
1425 4685 1557 4747 domino
1571 4702 1656 4767 rege.

333 4821 474 4886 Thomas
496 4822 536 4887 de
559 4823 674 4890 Monte
699 4825 812 4890 Sorelli
837 4835 928 4891 tenet
952 4829 1133 4890 manerium
1157 4827 1197 4890 dc
1212 4826 1312 4891 Wmu
1328 4825 1498 4889 Lsmnuou
1512 4823 1553 4886 de
1568 4821 1710 4883 Roberto
1725 4819 1794 4882 filio

289 4909 535 5080 Ρῗῗειὲἰιὲιῖἷ
552 4910 588 4993 ij.
606 4933 651 4977 m.
668 4914 805 4978 elidem
821 4913 981 4978 Roberins
1005 4919 1095 4977 leuet
1117 4913 1157 4978 de
1178 4915 1310 4976 domino
1332 4931 1417 4996 rege,
1439 4916 1474 4974 ei
1495 4915 1572 4971 suut
1595 4927 1708 4971 omnes
1729 4908 1792 4969 iste

289 5017 320 5061 vr
348 5018 367 5061 e
462 5018 481 5060 n
503 5018 572 5064 res.

330 5129 455 5193 Dicunt
470 5131 573 5194 eciem
590 5131 675 5216 quod
691 5131 872 5196 Petronilla
888 5133 919 5196 ln
936 5133 1045 5197 Brune
1059 5136 1151 5194 tenet
1166 5133 1349 5194 manerium
1364 5129 1405 5193 de
1420 5131 1515 5194 Bunn
1530 5127 1571 5190 de
1596 5127 1736 5190 ilenrico
1751 5125 1792 5188 de

290 5217 449 5279 lluriinco
465 5237 521 5299 pro
537 5215 691 5302 homagio
707 5225 742 5282 ei
756 5218 954 5299 feodelitnis‚
970 5224 1004 5283 ei
1020 5219 1183 5303 predictus
1199 5218 1361 5280 Henricus
1376 5223 1466 5280 tenet
1482 5216 1523 5278 de
1537 5214 1669 5278 domino
1683 5233 1770 5294 rege.

911 5441 1173 5454 ——--
