4117 6209
932 667 1016 733 Ab.
1042 670 1137 733 1428.

987 957 1027 1020 ab
1043 959 1180 1042 antiquo

986 1051 1118 1108 taxatur
1133 1046 1173 1108 sd
1387 1001 1569 1065 subsidium

515 995 661 1060 Ecclesia
677 996 717 1059 de

360 1189 475 1254 Bonan
489 1194 598 1271 preter
612 1192 798 1272 porcionem
1008 1195 1051 1260 nl.
1063 1218 1105 1262 m.
1355 1195 1416 1281 liij.
1426 1218 1451 1260 s.
1467 1195 1527 1279 iiij.
1539 1197 1571 1260 d.

360 1325 529 1393 szosrs
1009 1333 1116 1418 xijnn.
1308 1299 1310 1306 Ι
1357 1332 1455 1418 xvia.

360 1461 563 1531 memoror
577 1471 684 1548 preter
698 1468 884 1549 porcionem
1008 1471 1029 1531 l.
1041 1493 1081 1534 m.
1355 1471 1433 1556 lxvj.
1444 1493 1469 1536 s.
1487 1469 1557 1556 viij.
1568 1471 1600 1535 cl.

362 1599 520 1668 Gaasnnr
534 1608 643 1686 preter
657 1605 841 1687 porcionem
1007 1627 1078 1672 xxv.
1088 1629 1129 1671 m.
1356 1606 1465 1693 xxxiii.
1476 1629 1502 1672 s.
1519 1606 1580 1693 iiij.
1591 1607 1622 1672 d.

489 1740 610 1804 vicaria
626 1741 772 1824 ejusdem
1009 1764 1038 1808 x.
1048 1765 1088 1808 ni.
1356 1743 1411 1830 xiij
1417 1767 1457 1809 .s.
1475 1744 1536 1829 iiij.
1547 1747 1579 1808 d.

359 1872 474 1940 Enrors
491 1879 595 1957 preter
611 1877 795 1960 porcionem
1007 1877 1062 1962 xij.
1074 1901 1114 1942 m.
1324 1865 1330 1878 ’
1355 1877 1420 1963 xvj.
1432 1899 1458 1942 s.

360 2011 498 2078 bassan
511 2013 615 2076 divisa
638 2021 688 2078 est
711 2015 797 2078 unde
821 2036 894 2098 pars

403 2101 518 2182 prioris
534 2100 575 2164 de
590 2100 717 2165 Lenton

1007 2080 1131 2124 rixam.
1355 2060 1432 2125 xis.

490 2257 564 2321 pars
579 2237 736 2302 Willelmi
751 2240 786 2303 in
805 2240 918 2304 eadem
1007 2262 1058 2308 xv.
1070 2263 1110 2305 in·
1355 2261 1405 2306 xx.
1417 2261 1442 2305 s.

360 2374 508 2442 Wssown
523 2395 598 2440 cum
614 2377 734 2441 vicaria
1006 2399 1057 2446 xv.
1067 2401 1109 2442 ni.

360 2510 521 2578 Ounnone
1006 2536 1055 2581 xv.
1065 2538 1106 2579 m.

361 2651 518 2716 Tmnnns
1006 2673 1077 2718 xxx.
1088 2675 1127 2716 m.
1354 2651 1432 2716 xla.

361 2790 507 2856 Cansron
523 2788 649 2855 Bassm
1008 2791 1073 2856 xlv.
1084 2813 1125 2854 m.
1356 2791 1399 2855 lx.
1410 2811 1435 2855 a.

489 2927 607 2990 vicaria
622 2926 769 3013 ejusdem
1006 2948 1035 2994 c.
1046 2951 1073 2993 s.
1355 2948 1384 2992 r.
1394 2949 1419 2992 a.

315 3126 363 3192 De
377 3127 520 3191 subsidio
534 3127 726 3212 parochialis
741 3129 875 3193 ecclesis
891 3128 1195 3215 demissosque
1210 3133 1288 3194 ante
1298 3129 1495 3213 quindenam
1510 3130 1692 3214 predictam
1708 3151 1772 3194 non

272 3214 445 3279 taxabatur
555 3254 1478 3268 ----------
1565 3217 1642 3303 vjs.
1658 3217 1728 3304 viij.
1739 3219 1771 3284 d.

316 3351 366 3415 De
387 3353 496 3437 aliquo
517 3351 710 3440 hujusmodi
731 3354 876 3418 subsidio
899 3353 1092 3437 parochialis
1114 3355 1248 3418 ecclesie
1271 3355 1311 3418 de
1328 3353 1525 3422 Saxosnann
1541 3375 1604 3440 que
1618 3356 1660 3418 ad
1675 3354 1771 3440 vj..m

272 3439 463 3523 abantiquo
478 3445 610 3503 taxatur
624 3460 688 3505 non
705 3442 906 3524 respondent
931 3462 971 3504 eo
997 3442 1082 3526 quod
1111 3461 1175 3504 non
1199 3447 1276 3504 sunt
1302 3461 1362 3504 nec
1388 3449 1534 3525 tempore
1560 3444 1773 3504 concessionis

272 3527 412 3591 subsidii
441 3528 583 3611 predicti
612 3549 669 3591 seu
696 3536 810 3610 postea
836 3529 971 3591 fuerunt
997 3529 1083 3590 infra
1108 3527 1292 3610 parochiam
1319 3527 1452 3592 ecclesie
1481 3529 1625 3611 predicte
1658 3529 1772 3592 decem

271 3612 494 3679 inhabitantes
508 3615 676 3678 domicilia
692 3622 841 3680 tenentes
855 3621 894 3678 ut
909 3616 1027 3678 dicunt
1043 3636 1139 3699 super
1154 3621 1393 3679 sacramentum
1409 3634 1516 3680 suum.

315 3814 499 3880 Onerantur
510 3835 607 3900 super
622 3826 807 3900 compotum
822 3816 863 3881 ds
877 3841 931 3885 :-

402 3962 463 4049 iiij.
474 3963 507 4028 d.
523 3963 564 4025 de
578 3959 767 4048 hujusmodi
780 3957 924 4027 subsidio
939 3963 1105 4046 pensionis
1121 3963 1234 4046 prioris
1250 3963 1290 4026 de
1306 3961 1510 4047 Thurgerton
1531 3965 1565 4027 in
1588 3965 1772 4048 supradicta

271 4051 408 4116 ecclesia
432 4051 471 4113 de
497 4050 772 4129 Hownnswonnn,
798 4070 861 4133 que
886 4051 927 4113 ad
953 4050 1035 4137 iij.s.
1062 4050 1162 4138 iiijn.
1188 4050 1390 4133 abantiquo
1416 4055 1548 4115 taxatur
1569 4072 1627 4134 per
1649 4074 1771 4118 annum

273 4138 425 4202 videlicet
439 4137 533 4223 juxta
547 4144 651 4200 ratam
667 4146 740 4200 taxe
755 4137 912 4220 predicte.

402 4283 471 4371 viij.
481 4285 514 4350 d.
529 4285 570 4347 ds
585 4281 771 4369 hujusmodi
788 4284 932 4348 subsidio
947 4286 1113 4368 pensionis
1139 4285 1255 4368 prioris
1270 4285 1311 4348 de
1327 4283 1505 4368 Wyrkesop
1528 4287 1562 4347 in
1586 4287 1773 4369 supradicta

272 4373 410 4437 ecclesia
423 4373 462 4435 de
478 4372 702 4449 Kmsonsron,
717 4392 780 4455 que
795 4373 837 4435 ad
852 4373 931 4458 vj.s.
947 4372 1017 4458 viij.
1028 4374 1061 4438 d.
1077 4373 1268 4457 abantiquo
1284 4381 1414 4435 taxatur
1429 4371 1486 4438 dec.

402 4525 474 4612 ijs.
489 4525 561 4611 viij.
572 4525 604 4589 d.
622 4526 662 4588 de
678 4526 866 4611 hujusmodi
882 4527 1025 4590 subsidio
1042 4529 1202 4609 porcionis
1226 4527 1353 4590 abbatis
1380 4525 1479 4589 Beate
1507 4527 1613 4590 Maris
1635 4527 1773 4592 Eboraci

271 4617 308 4678 in
322 4613 508 4699 supradicta
523 4613 655 4676 ecclesia
672 4613 711 4676 de
726 4614 918 4692 Hrnnnrno,
933 4635 996 4697 que
1012 4617 1052 4676 ad
1069 4614 1155 4699 xxvj.
1167 4637 1193 4680 s.
1210 4613 1280 4701 viij.
1292 4615 1324 4678 d.
1340 4614 1382 4676 ab
1397 4616 1531 4698 antiquo
1546 4620 1677 4678 taxatur
1692 4615 1749 4680 dcc.

404 4766 440 4852 ij.
451 4787 476 4831 s.
492 4765 563 4852 viij.
573 4766 605 4831 d.
631 4765 670 4828 de
696 4763 886 4850 hujusmodi
908 4767 1054 4829 subsidio
1080 4769 1241 4850 porcionis
1256 4767 1325 4830 Ade
1339 4767 1379 4831 de
1395 4766 1548 4830 Potreton
1565 4773 1599 4829 et
1614 4768 1772 4832 sociorum

270 4874 405 5007 ἓξὲξ
416 4874 468 5005 ἐξ
498 4852 684 4936 supradicta
714 4853 850 4916 ecclesia
879 4854 920 4918 de
951 4855 1132 4921 Hmnnrno
1162 4876 1224 4940 que
1254 4855 1294 4918 ad
1325 4855 1447 4940 xxvia.
1474 4854 1542 4940 viij.
1570 4856 1772 4942 abantiquo

403 5094 477 5179 ijo.
492 5094 533 5156 de
559 5089 747 5175 hujusmodi
773 5091 915 5155 subsidio
943 5092 1105 5176 pensionis
1130 5094 1244 5175 prioris
1269 5093 1310 5156 de
1326 5091 1504 5177 Wyrkesop
1525 5095 1560 5156 in
1587 5096 1772 5178 supradicta

272 5182 408 5246 ecclesia
422 5181 463 5244 de
478 5180 694 5248 Wrnouonss
708 5199 771 5264 que
786 5179 826 5242 ad
842 5200 891 5244 xx.
901 5200 927 5244 s.
942 5179 983 5242 ab
998 5181 1134 5265 antiquo
1150 5187 1279 5244 taxatur
1295 5178 1351 5244 dcc.

404 5331 476 5417 ij.a.
506 5331 547 5394 de
577 5329 765 5415 hujusmodi
795 5329 936 5394 subsidio
966 5332 1128 5414 porcionis
1159 5332 1273 5414 prioris
1303 5332 1343 5394 de
1370 5331 1497 5394 Lenton
1521 5333 1557 5394 in
1584 5333 1770 5416 supradicta

272 5420 408 5484 ecclesia
421 5420 463 5482 de
478 5419 593 5485 Trione
606 5438 670 5502 que
684 5417 724 5480 ad
741 5439 791 5482 xx.
802 5439 828 5482 s.
845 5419 886 5481 ab
901 5421 1039 5503 antiquo
1057 5423 1185 5481 taxatur
1200 5417 1256 5482 dcc.
