4117 6209
284 656 350 720 422
916 660 1168 733 SOMERSET.

327 944 505 1011 Mauricius
520 946 679 1032 Berkeley
693 949 734 1013 de
749 948 863 1034 valey
877 952 913 1015 in
927 953 1088 1015 comitatu
1103 951 1318 1031 Gloucestrie,
1333 949 1487 1029 chivaler,
1503 948 1645 1015 Thomas
1659 948 1785 1014 Norton

282 1032 323 1096 de
338 1031 473 1097 Bristoll
487 1037 521 1098 in
537 1035 671 1099 Bristcll
689 1040 774 1117 (ric),
786 1039 990 1116 marchennt,
999 1046 1035 1103 et
1050 1040 1071 1104 J
1073 1040 1215 1103 ohannes
1230 1039 1375 1103 Everden
1391 1039 1431 1103 de
1447 1039 1562 1103 Kenne
1577 1041 1612 1101 in
1624 1037 1785 1100 comitatu

282 1118 497 1201 Gloncestrie,
513 1124 1050 1207 gentilman,fuen1ntseisitietc.
1067 1127 1107 1190 de
1122 1128 1264 1190 manerio
1278 1126 1319 1190 de
1337 1128 1537 1194 Kvunnsrou
1563 1125 1732 1203 Ssuuoun,
1750 1128 1784 1187 et

283 1206 366 1271 illud
380 1210 562 1273 manerium
576 1218 754 1275 tenuerunt
770 1233 826 1296 per
841 1214 1014 1277 servicium
1031 1214 1220 1279 medietatis
1235 1215 1259 1301 j.
1275 1214 1298 1279 f.
1315 1236 1361 1279 m.

327 1338 368 1401 In
383 1338 476 1426 cnjus
490 1342 538 1405 rei
552 1348 616 1407 etc.

703 1610 940 1700 [Huunsnnuu
962 1636 1006 1681 nn
1029 1613 1369 1702 HORETHORNE]

326 1746 507 1832 Inquisicio
520 1753 617 1832 capta
631 1750 718 1831 apud
736 1749 964 1814 Yevelchestre
984 1757 1046 1816 etc.
1066 1757 1112 1831 (as
1136 1752 1262 1834 before),
1285 1770 1345 1835 per
1367 1756 1603 1815 sacramentum
1626 1750 1785 1814 Johannis

284 1832 436 1917 Mavyeli,
462 1834 615 1899 Nichclai
641 1836 757 1915 Benet,
785 1836 943 1921 Stephani
969 1838 1105 1915 Nortcn,
1131 1838 1263 1901 Ricardi
1294 1836 1424 1921 Smyth,
1450 1837 1609 1902 Johannis
1635 1836 1786 1914 Burford‚

283 1919 442 1986 Johannis
479 1923 585 1998 Dave,
621 1922 780 1987 Johannis
816 1923 929 2009 Crype,
966 1925 1091 1989 Thome
1121 1925 1223 2003 Hiile,
1254 1923 1412 1989 Johannis
1444 1924 1598 2004 stafford,
1625 1923 1784 1989 Johannis

283 2007 436 2089 Taillour,
451 2008 602 2095 Philippi
617 2010 724 2089 Selke,
739 2016 774 2075 et
790 2011 928 2079 Walteri
943 2013 1103 2092 Palmere,
1121 2014 1178 2098 qni
1194 2013 1311 2076 dicunt
1326 2019 1390 2077 etc.
1408 2014 1493 2095 qnod
1507 2039 1559 2078 :-

326 2195 349 2259 J
349 2195 504 2276 ohannes,
514 2198 681 2281 episcopus
695 2196 934 2278 Bethoniensis‚
944 2199 1044 2282 Hngo
1059 2198 1151 2263 Kene
1166 2199 1207 2262 de
1222 2199 1351 2263 Mertok
1367 2200 1401 2261 in
1417 2200 1575 2263 comitutu
1591 2196 1784 2274 Somersete,

280 2284 474 2367 gentilman,
484 2292 518 2349 et
532 2284 592 2349 alii
607 2285 730 2349 feoffati
750 2285 916 2350 Humiridi
933 2286 1087 2363 Stefford,
1098 2288 1226 2366 militis,
1239 2288 1372 2351 fuerunt
1387 2288 1491 2351 seisiti
1505 2293 1566 2351 etc.
1583 2286 1623 2349 de
1637 2287 1782 2350 manerio

280 2371 322 2435 de
338 2372 500 2439 Mnusnon
515 2393 590 2435 curn
606 2374 672 2436 suis
686 2374 908 2455 pertinenciis,
923 2380 957 2437 et
971 2374 1054 2437 illud
1069 2376 1253 2437 manerium
1269 2394 1343 2437 cum
1358 2375 1425 2437 suia
1447 2374 1658 2458 pertinenciis
1673 2375 1782 2437 tenuit

280 2478 341 2541 per
354 2461 523 2523 servicium
540 2466 655 2543 quarte
670 2462 775 2544 partis
789 2462 813 2546 j.
829 2460 853 2524 f.
869 2483 915 2526 m.

323 2589 466 2656 'l'h0mas
487 2592 629 2677 Knoyell
649 2593 691 2657 de
713 2592 884 2676 Sempford
906 2595 940 2657 in
963 2594 1124 2657 comitatu
1148 2592 1342 2672 Somersete,
1357 2596 1553 2679 gentilmcn,
1567 2592 1632 2656 fnit
1648 2593 1781 2657 seisitus

278 2685 341 2743 etc.
357 2678 398 2743 de
413 2682 555 2743 manerio
576 2680 617 2743 de
632 2680 813 2743 SsuPsouu
827 2702 901 2744 cnm
925 2681 1132 2765 pertinenciis
1156 2682 1232 2759 suis,
1246 2689 1280 2743 et
1301 2682 1385 2745 illud
1410 2682 1592 2746 manerium
1616 2701 1689 2743 cum
1713 2681 1780 2742 suis

279 2767 493 2849 pertinenciis
508 2768 617 2831 tenuit
630 2789 687 2852 per
702 2770 874 2832 servicium
890 2768 1015 2832 decime
1031 2768 1132 2852 partis
1142 2766 1171 2852 j
1188 2767 1212 2834 i.
1229 2790 1274 2833 m.

324 2903 464 2968 Thomas
477 2906 574 2990 Ynge
595 2908 636 2969 de
658 2906 793 2971 Corfton
814 2907 851 2969 in
873 2907 1035 2971 comitatu
1058 2906 1251 2986 Somersete,
1269 2908 1418 2993 armiger,
1436 2906 1500 2969 tuit
1516 2907 1646 2971 seisitus
1661 2914 1723 2971 etc.
1740 2906 1781 2969 de

281 2994 425 3057 manerio
433 2992 473 3056 de
483 2992 636 3061 Cosmus
651 3016 725 3057 cum
742 2996 808 3057 suis
823 2996 1043 3078 pertinenciis,
1052 3000 1088 3057 et
1102 2994 1185 3057 illud
1201 2996 1382 3059 menesium
1397 3015 1472 3058 cum
1490 2996 1557 3057 suis
1573 2994 1781 3078 pertinenciis

279 3081 390 3145 tenuit
403 3102 459 3164 per
474 3083 647 3146 servicium
661 3080 788 3146 decime
803 3082 907 3167 partis
920 3082 946 3167 j.
963 3082 986 3147 f.
1003 3104 1049 3147 m.

323 3216 481 3282 Ricardus
496 3218 636 3283 Milborn
652 3220 692 3283 de
706 3218 866 3303 Chyttem
880 3220 915 3283 in
930 3220 1091 3282 comitatu
1106 3219 1302 3297 wiltescire,
1319 3220 1470 3303 armiger,
1486 3216 1551 3282 init
1566 3219 1695 3282 seisitus
1716 3224 1779 3283 etc.

278 3304 319 3368 de
341 3308 438 3369 certis
460 3308 557 3370 terris
578 3313 615 3371 et
636 3308 836 3371 tenementis
859 3308 893 3370 in
919 3308 1166 3385 Ssuvsunasss,
1189 3312 1224 3370 et
1258 3306 1376 3370 eedem
1401 3314 1506 3371 terres
1531 3312 1567 3369 et
1592 3312 1782 3370 tenementa

279 3392 389 3457 tenuit
402 3413 459 3476 per
474 3394 644 3459 servicium
662 3401 777 3480 quarte
791 3395 895 3478 partis
909 3395 933 3481 j.
950 3396 974 3459 f.
990 3417 1036 3460 m.
1625 3422 1628 3427 ·

324 3530 458 3595 Ducissa
487 3530 651 3596 Clarencie
677 3531 742 3596 fuit
770 3531 885 3595 seisite
912 3536 976 3595 etc.
1005 3531 1046 3595 de
1075 3530 1217 3615 quodam
1247 3529 1379 3594 redditu
1408 3528 1495 3592 sicco
1523 3537 1598 3594 octo
1621 3530 1779 3594 librarum

279 3618 366 3681 infra
379 3620 564 3682 manerium
579 3619 621 3682 de
639 3620 796 3687 anoau
812 3619 911 3685 Poau.

322 3753 446 3819 Eadem
461 3755 587 3820 ducissa
602 3756 767 3821 Clarencie
782 3756 848 3819 fnit
861 3756 973 3819 seisita
988 3760 1051 3820 etc.
1067 3755 1109 3817 de
1132 3755 1285 3817 maneriis
1307 3753 1347 3818 de
1370 3756 1595 3821 Kuuusssuas
1616 3754 1722 3821 Rsms
1744 3761 1777 3819 et

279 3842 495 4016 gpdnpeutppisgnj
524 3864 600 3996 pupp
637 3864 750 3907 eorum
786 3844 1011 3927 pertinenciis,
1042 3847 1077 3905 et
1114 3842 1172 3905 illa
1201 3843 1351 3905 maneria
1378 3844 1489 3907 tenuit
1518 3863 1576 3926 per
1604 3844 1777 3907 servicium

322 4064 578 4129 DominaAlicia
589 4063 720 4147 Oheyne
732 4064 773 4128 de
783 4064 1016 4151 Poyntyngtcn
1027 4066 1063 4128 in
1074 4066 1234 4129 comitatu
1246 4062 1438 4143 Somersete,
1450 4064 1577 4145 vedovv,
1590 4065 1655 4129 fuit
1666 4066 1778 4131 seisita

278 4156 343 4216 etc.
358 4152 400 4216 de
414 4154 560 4217 manerio
573 4154 613 4215 de
628 4153 868 4220 Pommcron
883 4175 958 4217 cnm
972 4152 1184 4238 pertinenciis
1200 4152 1279 4228 suis,
1301 4156 1337 4215 et
1358 4151 1441 4215 illud
1464 4154 1646 4217 manerium
1669 4155 1777 4218 tenuit

278 4260 337 4323 per
351 4241 523 4304 servicium
538 4245 652 4326 quarte
668 4241 771 4324 partis
784 4240 811 4326 j.
827 4241 851 4303 f.
867 4262 911 4307 m.

320 4376 428 4440 Abbas
442 4376 484 4441 de
497 4377 705 4460 Abbotsbury
727 4374 791 4464 [et]
812 4382 990 4441 conventus
1004 4377 1129 4441 ibidem
1144 4378 1178 4440 in
1193 4378 1354 4442 comitatu
1370 4379 1505 4442 Dorsete
1521 4377 1652 4442 suerunt
1673 4379 1777 4443 seisiti

276 4470 339 4529 etc.
355 4464 395 4527 de
416 4466 562 4529 manerio
584 4464 624 4527 de
646 4465 836 4532 Houswsun
851 4486 925 4527 cum
941 4466 1007 4528 suis
1031 4466 1255 4548 pertinenciis,
1272 4471 1307 4528 et
1322 4464 1406 4528 illud
1421 4465 1605 4528 manerium
1620 4486 1694 4528 cum
1710 4468 1776 4531 suis

274 4552 486 4634 pertinenciis
500 4558 679 4616 tenuerunt
693 4572 747 4635 per
762 4554 933 4616 servicium
957 4552 1145 4617 medietatis
1167 4552 1193 4639 j.
1209 4553 1233 4619 f.
1250 4573 1295 4619 m.
1313 4555 1543 4615 amortisatnm
1558 4553 1639 4615 citra
1653 4574 1775 4617 anumn

277 4639 470 4702 vicesimum
484 4640 570 4723 regis
584 4639 735 4703 Edwardi
751 4640 862 4723 primi.

891 4910 1171 5001 [suanensi]

318 5050 463 5137 lisgerus
477 5049 632 5113 (iounten
648 5051 689 5113 de
704 5050 841 5127 Ractcn,
858 5050 1008 5133 armiger,
1023 5052 1058 5112 in
1073 5050 1233 5113 comitatu
1249 5048 1420 5113 Suthsexie
1435 5050 1499 5112 fuit
1514 5049 1642 5113 seisitus
1657 5057 1721 5116 etc.
1733 5052 1775 5117 de

274 5140 419 5201 manerio
443 5138 485 5201 de
514 5138 670 5203 Pumnuu
693 5138 806 5203 Loarv
830 5156 904 5199 cum
935 5137 1088 5200 maneriis
1116 5137 1157 5199 de
1184 5136 1322 5203 Kuonnn
1351 5142 1386 5199 et
1412 5135 1567 5216 Bunnnu,
1594 5136 1712 5204 Banna
1740 5148 1775 5205 et

274 5226 448 5295 Consanus
472 5244 548 5287 cnm
571 5244 683 5287 eorum
708 5225 930 5307 pertinenciis,
943 5232 978 5287 et
1002 5224 1062 5287 illa
1086 5224 1230 5287 maneria
1254 5223 1365 5286 tenuit
1392 5244 1447 5307 per
1471 5224 1645 5289 servicium
1659 5233 1775 5309 quarte

275 5312 516 5398 pertinitm.

318 5449 359 5513 In
374 5448 468 5536 cujus
482 5450 530 5514 rei
544 5453 610 5514 etc.
