4117 6209
908 639 989 704 Ab.
1013 640 1109 704 1428.
1691 640 1752 705 391

302 932 350 997 De
365 929 528 993 Willelmo
542 927 581 991 de
596 927 713 991 Palton
729 947 786 1009 pro
801 948 855 991 un.
872 926 894 992 f.
910 948 954 992 m.
981 926 1015 989 in
1044 926 1284 989 Wisunoounn
1309 926 1395 1010 quod
1421 925 1533 992 Simon
1558 925 1599 987 de
1625 924 1755 1009 Meryat

258 1018 420 1104 quondam
437 1017 547 1080 tenuit
561 1015 682 1079 ibidem
747 1055 758 1066 -
848 1054 859 1065 -
948 1054 959 1065 -
1049 1053 1061 1065 -
1150 1054 1161 1065 -
1454 1052 1466 1066 ·
1554 1012 1755 1099 vj.r.viij.d.

300 1157 350 1221 De
380 1152 544 1216 Willelmo
573 1152 707 1216 Newton
737 1172 794 1235 pro
823 1151 867 1216 di.
893 1150 916 1215 f.
941 1172 986 1216 m.
1010 1152 1045 1213 in
1076 1148 1259 1213 Sannum
1288 1149 1374 1233 quod
1405 1148 1568 1213 Johannes
1599 1148 1756 1212 Sandhull

259 1242 420 1329 quondam
436 1242 543 1304 tenuit
559 1241 682 1304 ibidem
751 1280 760 1289 -
851 1278 862 1289 ·
952 1278 963 1289 -
1054 1276 1066 1289 -
1156 1278 1166 1287 -
1459 1276 1471 1289 ·
1559 1235 1755 1322 iij.s.iiij.d.

301 1383 350 1446 De
374 1378 508 1442 Matheo
531 1379 646 1442 Doune
673 1397 729 1461 pro
755 1375 799 1440 di.
823 1374 846 1440 f.
871 1397 914 1440 m.
941 1374 976 1437 in
1001 1373 1141 1437 Bitouris
1164 1375 1251 1458 quod
1278 1374 1369 1437 heres
1399 1372 1530 1437 Roberti
1557 1374 1598 1436 de
1624 1373 1756 1455 Martyu

258 1468 420 1553 quondam
436 1468 545 1529 tenuit
560 1466 679 1529 ibidem
753 1504 762 1513 -
854 1503 864 1513 -
954 1502 962 1513 ·
1057 1502 1067 1512 -
1158 1502 1169 1511 -
1461 1501 1473 1513 ·
1561 1460 1641 1546 iije.
1657 1460 1755 1546 iiijd.

302 1606 351 1669 Dc
366 1603 498 1668 Simone
514 1603 639 1689 Ralegh
665 1625 720 1687 pro
746 1603 790 1668 di.
807 1604 829 1667 f.
846 1624 890 1667 m.
914 1604 948 1665 in
978 1602 1169 1664 inscensu
1194 1602 1281 1681 quod
1307 1599 1401 1664 heres
1425 1599 1590 1685 Radnlphi
1615 1602 1694 1664 'l'ort
1721 1608 1756 1665 et

260 1693 357 1776 Hugo
372 1692 458 1754 dela
473 1692 550 1755 Pole
565 1691 727 1777 quondam
744 1696 920 1755 tenuerunt
935 1689 1059 1752 ibidem
1156 1729 1167 1739 -
1257 1729 1267 1739 -
1359 1728 1369 1738 -
1460 1728 1470 1738 -
1559 1687 1640 1772 iije.
1656 1687 1755 1774 iiijd.

302 1830 352 1895 De
376 1828 491 1892 abbate
514 1827 555 1891 de
582 1828 681 1911 Clyva
705 1847 762 1911 pro
789 1847 843 1891 un.
860 1826 882 1892 f.
899 1849 943 1893 m.
968 1828 1002 1890 in
1031 1826 1320 1890 Lotuosmnmtofl
1346 1826 1463 1890 Prner
1486 1829 1572 1912 quod
1598 1826 1697 1891 abbas
1717 1827 1757 1889 de

258 1916 358 1998 Clyva
382 1922 415 1981 et
442 1915 600 1979 Robertus
623 1915 785 1998 Hamelyn
811 1915 974 1997 quondam
1002 1919 1178 1977 tenuerunt
1199 1914 1331 1991 ibidem,
1345 1914 1447 1976 nichil
1461 1915 1539 1997 quia
1554 1913 1755 1979 decimabile.

261 2004 465 2083 (Concelled.)
513 2001 792 2086 Superonerantur
806 2002 847 2065 de
860 2000 935 2085 vj..a
954 2000 1059 2087 viijd.
1077 2002 1215 2086 (added.)

302 2142 351 2207 De
367 2139 532 2202 Willelmo
547 2139 686 2202 Everard
701 2160 757 2222 pro
772 2139 816 2204 di.
833 2138 856 2203 f.
873 2160 917 2203 m.
933 2138 968 2202 in
984 2138 1277 2201 LULLOKsanRdu
1293 2136 1454 2200 Evnsssssn
1469 2138 1554 2221 quod
1572 2139 1757 2204 Willelmus

258 2228 411 2307 Everard,
427 2234 610 2289 antecessor
623 2226 704 2308 ejus,
719 2226 881 2309 qnondam
897 2226 1007 2289 tenuit
1058 2264 1474 2276 -----
1562 2224 1642 2312 iii-⁸·
1658 2226 1757 2312 iiijd.

302 2366 352 2432 De
367 2364 477 2429 eodem
495 2363 659 2427 Willelmo
674 2362 731 2447 pro
746 2362 822 2450 iiijt·
842 2371 936 2447 parte
952 2384 1009 2429 un.
1025 2363 1050 2429 f.
1067 2384 1111 2429 m.
1127 2364 1162 2426 in
1178 2362 1271 2427 Anna
1293 2363 1380 2447 quod
1405 2363 1590 2427 Willelmus
1605 2363 1757 2442 Everard,

258 2459 439 2517 antecessor
454 2450 533 2535 ejus,
549 2450 711 2534 quondam
728 2452 836 2515 tenuit
850 2451 972 2514 ibidem
1062 2486 1581 2502 ------
1668 2472 1718 2517 xx.
1726 2450 1758 2516 d.

302 2592 352 2657 De
377 2589 517 2671 Hugona
541 2587 620 2651 'l'ort
646 2609 702 2672 pro
725 2588 751 2673 j.
767 2590 894 2675 virgata
917 2596 1003 2652 terre
1027 2589 1063 2650 in
1088 2588 1320 2653 Honnsnowni
1346 2588 1434 2672 quod
1457 2587 1620 2652 Johannes
1635 2587 1665 2651 le
1679 2590 1758 2653 Tort

258 2678 420 2765 quondam
437 2676 546 2739 tenuit
560 2675 696 2753 ibidem,
711 2677 811 2739 nichil
827 2678 904 2762 quia
918 2682 1032 2739 contra
1047 2675 1183 2740 formam
1198 2681 1261 2740 etc.

303 2816 353 2880 De
408 2812 541 2875 Ricardo
582 2811 766 2876 Hanlrelord
810 2811 964 2893 (deleted),
1004 2812 1169 2876 Willelmo
1207 2812 1404 2889 Dodesham,
1442 2812 1590 2878 Jchanne
1631 2814 1759 2899 Vioory,

258 2902 383 2966 'lhoma
399 2898 496 2983 Clyve
513 2905 547 2963 et
561 2899 581 2961 J
584 2898 710 2962 ohanne
729 2899 893 2983 Loldcyerd
909 2921 966 2984 pro
981 2900 1024 2962 di.
1042 2901 1065 2964 f.
1081 2922 1126 2965 m.
1143 2902 1175 2963 in
1192 2899 1339 2974 Quaene
1355 2902 1548 2963 Moncuaux
1566 2901 1651 2986 quod
1666 2902 1758 2965 heres

260 2989 416 3053 Willelmi
441 2988 621 3051 Monceaux
650 2988 813 3069 quondam
842 2989 953 3050 tenuit
982 2987 1119 3065 ibidem,
1147 2986 1249 3049 nichil
1281 2990 1358 3073 qnia
1387 2988 1496 3050 nullus
1526 3008 1634 3051 eorum
1666 2994 1758 3053 tanet

260 3078 357 3163 iiij‘·m
381 3080 506 3158 partem
533 3073 558 3156 j.
584 3073 607 3139 f.
636 3095 680 3138 m.
711 3075 796 3137 sicut
826 3077 1011 3138 continetur
1041 3074 1076 3136 in
1107 3075 1335 3157 inquisicioue,
1366 3076 1444 3157 quia
1473 3081 1589 3138 tenent
1614 3076 1699 3138 inter
1725 3098 1759 3139 se

261 3163 435 3249 separatim
451 3162 591 3226 divisum
607 3165 668 3224 etc.

303 3295 353 3359 De
379 3292 526 3356 Johanne
553 3291 734 3376 courtenay
757 3313 814 3375 pro
837 3292 881 3357 di.
897 3292 921 3356 f.
938 3315 982 3359 m.
999 3296 1034 3359 in
1050 3297 1375 3361 Abusunmwonrnr
1392 3298 1477 3383 quod
1501 3296 1592 3361 heres
1618 3300 1761 3364 Gilberti

260 3381 298 3445 de
313 3382 344 3444 la
361 3381 462 3445 Putte
478 3379 640 3465 quondam
655 3381 764 3443 tenuit
778 3380 900 3443 ibidem
958 3421 968 3431 -
1059 3423 1071 3435 -
1161 3425 1172 3436 -
1262 3425 1273 3436 -
1364 3425 1374 3436 ν
1465 3425 1476 3437 -
1565 3385 1645 3473 iij.s.
1660 3387 1760 3475 iiijd.

306 3520 356 3583 De
389 3516 532 3579 Waltero
558 3516 737 3580 Pauncefot
763 3518 906 3596 (deleted)
934 3518 971 3581 et'
994 3517 1113 3584 herede
1149 3521 1284 3585 Henrici
1310 3520 1497 3604 Sydenham
1524 3527 1559 3585 et
1596 3522 1760 3589 Willelmo

263 3605 393 3669 Bachell
409 3624 465 3687 pro
480 3603 526 3669 di.
542 3602 565 3668 f.
580 3625 626 3669 m.
642 3605 677 3666 in
693 3604 879 3668 Kirnnoau
895 3605 980 3690 quod
997 3606 1176 3671 Mauricius
1200 3609 1241 3673 de
1269 3610 1437 3693 Kytenore
1463 3608 1627 3691 quondam
1654 3614 1763 3675 tenuit

259 3690 509 3844 hiidhliirhihiss
524 3692 601 3776 quia
616 3696 730 3754 tenent
745 3694 920 3775 separatim
935 3692 1089 3773 divisum,
1103 3698 1187 3760 sicut
1202 3698 1391 3760 continetur
1406 3697 1442 3758 in
1457 3696 1670 3781 inquisicioue
1684 3699 1762 3763 inde

306 3916 357 3983 De
381 3913 553 3999 Radulpho
577 3915 746 3981 Peroevale
771 3938 828 4001 pro
853 3918 897 3979 di.
914 3918 937 3979 f.
954 3940 998 3983 m.
1016 3921 1050 3981 in
1067 3918 1275 3985 Bnrmncorn
1301 3922 1386 4008 quod
1401 3923 1566 3990 Walterus
1592 3922 1764 3988 Percevale

264 4004 426 4088 quondam
440 4004 549 4067 tenuit
565 4003 688 4067 ibidem
753 4045 763 4055 -
854 4046 864 4056 -
955 4045 966 4056 ·
1463 4051 1473 4062 -
1562 4006 1645 4096 iiie.
1661 4010 1764 4099 iiijmd

743 4100 746 4109 V
795 4144 973 4208 'feodorum
985 4143 1082 4228 :-xj.
1097 4146 1122 4209 f.
1138 4144 1187 4231 iij.
1202 4148 1372 4230 quarteria.

643 4182 778 4249 Summa
804 4231 1010 4295 denariorum
1021 4232 1233 4318 2-111Viij·⁸·
1249 4233 1348 4321 fiii-d·

752 4506 972 4576 Huunannnu
996 4531 1040 4577 nn
1061 4512 1289 4581 WYLYTON.

311 4644 361 4707 De
383 4643 492 4727 aliquo
518 4639 707 4725 hujusmodi
731 4643 874 4709 subsidio
898 4648 935 4733 ij.
951 4648 974 4714 f.
991 4672 1036 4716 m.
1059 4651 1094 4713 in
1120 4652 1260 4714 Srawur
1285 4672 1347 4735 quc
1370 4651 1509 4717 Jacobus
1535 4654 1575 4716 de
1599 4654 1766 4740 Audelegh

268 4732 429 4816 quondam
455 4731 565 4792 tenuit
580 4749 643 4792 non
660 4732 864 4813 respondent,
881 4756 918 4797 eo
933 4738 1017 4820 quod
1034 4737 1145 4801 eadem
1162 4740 1196 4822 ij.
1211 4738 1235 4803 f.
1251 4746 1425 4802 onerantur
1440 4759 1535 4822 supra
1549 4742 1584 4803 in
1599 4739 1768 4805 hundredo

267 4820 307 4880 de
322 4818 468 4899 Puryton
484 4816 518 4877 in
534 4816 619 4879 villis
634 4817 672 4879 de
689 4815 840 4895 Ssuwnr,
857 4822 971 4885 Lovnn
986 4822 1185 4889 Srounronn
1199 4833 1233 4889 et
1247 4826 1409 4890 Punrron
1423 4831 1457 4887 et
1472 4828 1558 4912 quod
1575 4828 1664 4892 dicta
1690 4828 1727 4911 ij.
1743 4827 1767 4892 f.

155 4946 160 4954 ·
265 4906 300 4967 in
315 4904 453 4967 Srswnr
469 4908 546 4965 sunt
561 4904 674 4967 eadem
689 4903 725 4988 ij.
741 4904 764 4969 i.
780 4907 815 4969 in
840 4911 1033 4991 supradictis
1057 4914 1142 4976 villis
1168 4922 1203 4976 et
1225 4934 1290 4977 non
1315 4914 1450 4991 diversa,
1467 4924 1505 4978 ut
1531 4915 1646 4980 dicunt
1672 4935 1767 4998 super

266 4997 502 5055 sacramentum
540 5010 646 5068 sunm,
680 4998 715 5055 ct
751 4992 835 5057 sicut
872 5000 1060 5063 continetur
1097 5001 1131 5063 in
1168 5002 1307 5087 quadam
1343 5002 1559 5083 inquisicioue
1596 5003 1672 5065 inda
1702 5008 1766 5067 etc.

269 5078 471 5157 (cancellari.)
520 5075 705 5141 Onerantur
719 5098 813 5162 snper
828 5090 1016 5167 compotum
1033 5086 1072 5151 de
1088 5087 1189 5174 xiiis.
1204 5088 1303 5175 iiijd.
1324 5089 1461 5166 (added.)

308 5216 359 5282 De
389 5213 564 5291 Matillide,
593 5214 726 5279 domina
755 5216 797 5281 de
827 5217 1020 5306 Oourtenay,
1052 5230 1086 5288 et
1114 5226 1279 5293 Willelmo
1309 5226 1406 5310 Brytt
1435 5246 1493 5309 pro
1523 5246 1579 5291 nn.
1606 5222 1629 5289 f.
1656 5245 1702 5291 m.
1732 5226 1767 5288 in

265 5303 435 5367 HUWYssfl
451 5299 659 5366 enannous
673 5304 757 5387 quod
774 5304 915 5371 Thomas
931 5308 1121 5396 Middelnyc
1137 5314 1244 5377 tenuit
1259 5334 1298 5377 ex
1314 5314 1491 5377 tradicione
1507 5314 1592 5397 regis
1607 5313 1767 5395 usquead

265 5396 386 5455 etatem
402 5387 529 5453 heredis
542 5389 694 5453 Nicholai
710 5392 741 5454 le
756 5393 884 5459 Walssh
953 5437 964 5448 -
1056 5439 1067 5449 -
1158 5441 1168 5451 -
1259 5442 1268 5451 -
1360 5441 1370 5451 -
1461 5440 1472 5451 ·
1561 5400 1638 5485 vj.s.
1655 5397 1767 5486 viijet.
