4117 6209
324 642 387 705 866
952 644 1203 711 SOMEBSET.

363 928 411 991 De
427 929 548 993 eisdem
564 929 735 995 heredibus
750 932 940 996 tenentibus
955 934 988 996 in
1006 934 1191 999 Bunuacne
1206 932 1252 997 di.
1268 932 1293 997 t'.
1311 953 1356 998 m.
1372 931 1413 994 de
1429 928 1762 1077 ιιιιριιιᾶἰοιίιιἦέ....ι
1783 1012 1808 1077 d

1619 1037 1668 1102 ¹11·
1689 1036 1775 1101 .ιιι].
1809 1063 1818 1080 .

365 1152 412 1214 Da
435 1153 544 1238 aliquo
567 1152 756 1236 hujusmodi
783 1156 929 1219 subsidio
953 1158 1055 1221 trium
1080 1159 1104 1223 f.
1121 1178 1165 1222 m·
1183 1157 1224 1220 de
1245 1156 1374 1221 residuo
1389 1155 1653 1238 supradictorum
1668 1174 1699 1218 1.
1716 1152 1739 1215 f.
1755 1172 1818 1237 que

321 1240 420 1303 iidem
445 1241 577 1303 heredes
602 1242 764 1325 qnondam
789 1250 966 1307 tenuerunt
989 1265 1054 1306 non
1084 1246 1291 1328 respondent,
1316 1265 1354 1306 eo
1384 1243 1471 1328 quod
1500 1241 1603 1305 iidem
1633 1240 1819 1303 collectores

320 1327 559 1409 particulariter
582 1334 759 1392 onerantur
784 1329 825 1393 de
851 1332 993 1394 subsidio
1019 1332 1195 1395 eorundem
1221 1332 1323 1395 trium
1348 1330 1372 1395 f.
1389 1352 1434 1395 m.
1451 1332 1486 1391 in
1513 1329 1649 1391 diversis
1674 1326 1761 1389 villis
1783 1334 1818 1388 et

320 1412 496 1477 hundredis
526 1414 717 1499 subscriptis
747 1417 807 1480 sub
836 1420 1023 1481 nominibus
1059 1419 1261 1482 diversorum
1301 1418 1413 1481 eadem
1444 1416 1492 1501 iij.
1523 1417 1547 1480 f.
1580 1415 1818 1497 particulariter

320 1503 517 1579 tenemium,
541 1503 693 1567 videlicet
715 1503 760 1567 di.
778 1505 801 1566 f.
817 1527 862 1569 m.
879 1507 912 1567 in
938 1506 1092 1572 Seuerou
1115 1506 1199 1568 infra
1226 1505 1431 1568 hundredum
1457 1506 1498 1566 de
1526 1501 1629 1566 South
1655 1500 1817 1563 Pederton

321 1590 407 1671 quud
423 1590 546 1653 ibidem
563 1596 715 1653 oneratur
731 1591 791 1653 snb
805 1595 935 1656 nomine
952 1592 1125 1656 Alexandri
1143 1593 1267 1676 Lynde,
1291 1592 1318 1674 j.
1334 1592 1357 1655 f.
1374 1614 1419 1656 m.
1447 1595 1482 1653 in
1508 1590 1706 1654 Tomaros
1732 1587 1817 1651 inira

320 1675 525 1739 hundredum
556 1677 596 1739 de
625 1678 797 1762 Whitlegh
827 1679 912 1763 qnod
943 1683 1029 1764 prior
1060 1681 1172 1744 Sancti
1211 1680 1372 1743 Johannia
1413 1677 1596 1741 Jerusalem
1632 1676 1668 1738 iu
1698 1674 1817 1759 Anglia

322 1770 415 1825 tenet
429 1764 563 1841 ibidem,
577 1764 621 1827 di.
638 1764 660 1829 s.
677 1786 721 1831 m.
737 1767 770 1827 iu
788 1766 956 1832 Eunnaan
971 1766 1057 1830 iufra
1070 1765 1276 1830 hundredum
1302 1768 1341 1829 de
1365 1763 1558 1828 Andresield
1583 1763 1668 1847 quod
1692 1762 1815 1825 ibidem

321 1857 474 1913 oneratur
497 1851 556 1914 sub
581 1852 714 1915 nomine
737 1854 847 1916 Avicie
870 1854 986 1932 Melet,
1003 1854 1048 1918 di.
1066 1856 1087 1919 f.
1104 1877 1148 1920 m.
1173 1856 1207 1916 in
1236 1853 1407 1920 Coareonu
1431 1850 1518 1915 infra
1543 1849 1751 1913 hundredum
1776 1847 1817 1911 de

321 1936 512 2021 Canyugton
549 1938 634 2023 quod
674 1939 797 2002 ibidem
834 1948 986 2004 oneratur
1023 1942 1084 2004 sub
1121 1941 1253 2005 nomine
1284 1940 1395 2002 Aricia
1433 1938 1547 2016 Malet,
1577 1936 1621 2002 di.
1652 1935 1675 2000 f.
1707 1956 1751 1999 m.
1781 1936 1815 1997 iu

321 2024 526 2089 Lunuuororr
542 2026 627 2087 infra
641 2023 845 2089 hundredum
862 2027 903 2089 de
919 2029 1017 2091 Stone
1033 2029 1119 2111 qnod
1135 2028 1258 2091 ibidem
1275 2036 1429 2090 oneratur
1443 2026 1503 2088 snb
1517 2024 1648 2087 nomine
1662 2020 1815 2083 Willelmi

321 2112 360 2174 de
376 2110 540 2191 Bouevile,
558 2112 623 2198 iiij·
644 2134 718 2196 para
737 2113 764 2195 j.
781 2113 803 2178 f.
819 2116 854 2177 in
870 2116 976 2181 Woun
1002 2115 1088 2178 iufra
1113 2114 1323 2177 hundredum
1348 2114 1389 2176 de
1407 2113 1560 2195 Wylytou
1584 2110 1669 2193 quud
1694 2108 1815 2172 ibidem

320 2204 474 2262 oneratur
503 2200 562 2261 snb
587 2201 717 2264 nomine
742 2200 882 2264 Simonis
912 2202 1047 2286 Ralegh‚
1079 2202 1143 2288 iiij·
1174 2222 1250 2285 para
1279 2202 1303 2287 j.
1329 2200 1353 2265 f.
1384 2221 1428 2265 m.
1459 2202 1493 2263 iu
1525 2198 1701 2263 erunrorr
1731 2196 1816 2258 infra

321 2286 525 2349 hundredum
552 2286 590 2349 de
615 2286 785 2351 Somerton
809 2288 965 2351 forinseco
991 2310 1055 2375 que
1078 2291 1203 2353 ibidem
1229 2298 1383 2351 onerat-ur
1405 2288 1467 2350 sub
1496 2287 1629 2348 nomine
1657 2282 1815 2346 Johaunia

321 2372 421 2449 Hille,
438 2380 472 2436 et
498 2373 584 2456 quod
610 2375 723 2436 eadem
750 2378 813 2438 tria
840 2376 936 2439 feoda
962 2375 1092 2439 residua
1115 2375 1376 2459 supradictorum
1404 2396 1434 2439 x.
1451 2374 1474 2438 f.
1490 2381 1568 2435 aunt
1592 2372 1708 2434 eadem
1734 2370 1758 2436 f.
1782 2378 1815 2433 et

321 2468 430 2543 partes
455 2461 476 2524 l.
493 2481 556 2544 que
583 2462 644 2524 sub
669 2462 855 2525 nominibus
880 2462 1129 2541 hundredorum,
1148 2464 1299 2526 villarum
1322 2470 1357 2525 et
1381 2461 1570 2524 teueucium
1596 2458 1814 2541 predictorum

319 2553 495 2609 onerantur
524 2554 557 2610 et
586 2568 649 2611 uon
680 2550 815 2628 diverse,
845 2558 881 2612 ut
912 2551 1029 2614 dicunt
1058 2571 1154 2633 super
1184 2558 1424 2614 sacramentnm
1456 2568 1562 2611 auum.
1609 2545 1813 2621 (Carerelled.)

320 2633 503 2698 Ouerautnr
518 2655 614 2718 anper
628 2643 818 2718 computum
834 2638 874 2699 de
889 2659 973 2703 rnna
993 2639 1131 2716 (added.)

364 2771 413 2835 De
439 2769 564 2834 Thema
589 2773 628 2835 de
656 2770 786 2835 Stawell
814 2794 871 2857 pro
897 2794 951 2839 uu.
967 2774 989 2837 i.
1007 2797 1053 2840 m.
1070 2776 1104 2837 in
1133 2775 1290 2842 Srawuan
1316 2772 1402 2859 quod
1426 2770 1595 2835 Galiridua
1618 2767 1658 2830 de
1685 2766 1814 2830 Stawell

319 2859 608 2944 qnondamteuuit
624 2860 747 2923 ibidem
805 2901 814 2911 -
905 2901 916 2911 -
1008 2902 1018 2912 -
1109 2903 1119 2913 .
1210 2902 1220 2912 -
1312 2901 1322 2911 -
1513 2898 1524 2909 ·
1613 2856 1689 2938 rja.
1707 2851 1814 2937 viij.d.

362 2997 411 3061 De
437 2996 557 3061 Jacobo
582 2997 621 3060 de
649 2995 816 3082 dudelegh
841 3018 898 3083 pro
925 3019 982 3064 uu.
1000 3000 1023 3066 f.
1041 3022 1085 3066 m.
1110 3002 1145 3062 in
1170 3001 1443 3066 Wonnavuucrou
1471 2996 1557 3081 quod
1585 2990 1753 3057 Johauuea
1776 2992 1816 3053 de

319 3084 531 3150 Columbariis
546 3085 707 3169 quondam
723 3087 832 3149 tenuit
847 3086 1013 3149 ibidem·
1105 3128 1115 3137 -
1207 3126 1218 3137 ·
1308 3126 1319 3135 -
1411 3124 1421 3135 -
1511 3123 1522 3134 -
1612 3080 1687 3163 vj.a.
1703 3077 1813 3164 viijd.

363 3221 410 3284 De
424 3219 573 3284 Johanua
589 3221 729 3285 Trethek
745 3243 803 3304 pro
819 3242 874 3287 un.
890 3222 914 3287 i.
931 3244 976 3289 m.
994 3225 1029 3286 in
1047 3224 1241 3291 Coaruororr
1257 3228 1291 3285 et
1309 3222 1421 3289 Soura
1437 3220 1553 3283 Baaur
1573 3216 1659 3300 quod
1681 3213 1816 3277 heredes

318 3308 452 3371 Roberti
467 3308 506 3372 de
523 3308 626 3371 Breut
641 3310 805 3394 quondam
821 3316 996 3375 tenuerunt
1012 3311 1137 3374 ibidem
1208 3350 1218 3360 -
1310 3350 1321 3359 -
1410 3346 1421 3356 ·
1513 3345 1523 3355 -
1610 3302 1687 3386 rja.
1704 3298 1814 3386 viiic.

361 3447 410 3510 De
436 3445 590 3531 Philippo
615 3447 783 3532 Hampton
809 3469 866 3531 pro
890 3469 945 3513 uu.
965 3448 989 3513 f.
1015 3472 1061 3515 m.
1086 3451 1121 3511 in
1147 3450 1316 3515 Caracouu
1342 3444 1427 3529 quod
1453 3443 1617 3506 Johannea
1644 3440 1757 3502 Baaaet
1780 3446 1815 3501 et

318 3533 457 3599 Thomas
472 3536 512 3599 de
527 3535 615 3599 Vana
631 3533 794 3620 quondam
811 3544 991 3599 tenuerunt
1005 3537 1126 3599 ibidem
1205 3575 1216 3585 -
1308 3569 1318 3580 ·
1410 3571 1421 3581 -
1512 3570 1522 3579 -
1612 3523 1815 3612 vj.a.uiij.d.

361 3672 410 3735 De
426 3673 570 3737 Waltero
586 3672 801 3757 Hungeriord,
819 3674 935 3747 milite,
952 3681 984 3737 et
1004 3674 1144 3737 Waltero
1160 3671 1282 3735 Sandea
1305 3689 1363 3753 pro
1378 3688 1433 3731 un.
1451 3667 1475 3732 f.
1491 3688 1536 3731 m.
1552 3667 1587 3728 iu
1602 3665 1814 3741 Bnauunoau,

318 3760 521 3827 Lounarouu
538 3765 573 3823 et
588 3760 725 3826 Hannon
742 3760 827 3845 quod
841 3759 1006 3826 Johauues
1023 3761 1148 3844 Moelys
1163 3760 1326 3843 quondam
1344 3756 1455 3820 tenuit
1470 3752 1591 3816 ibidem
1625 3837 1633 3852 ι
1722 3834 1801 3900 ···d

1603 3858 1769 3923 v].s.vu1.
1803 3886 1811 3902 .

361 3984 409 4048 De
424 3983 574 4048 Johanue
589 3984 671 4068 Lyte
686 4006 743 4070 pro
759 3986 804 4050 di.
821 3984 844 4049 f.
861 4008 906 4051 ιιι.
924 3988 958 4050 in
986 3987 1196 4052 Manuanrou
1224 3983 1308 4069 quod
1334 3982 1452 4045 Petrus
1466 3978 1507 4041 de
1524 3975 1635 4041 Insula
1649 3974 1813 4060 quondam

318 4075 426 4136 tenuit
439 4072 559 4136 ibidem
592 4105 1517 4126 ----------
1606 4062 1689 4149 iij.a.
1706 4057 1810 4149 iiijmd

361 4208 410 4272 De
428 4209 585 4273 Mauricio
600 4208 639 4271 de
659 4207 812 4291 Berkeley
828 4210 945 4293 prodi.
962 4209 985 4274 f.
1002 4232 1047 4276 m.
1059 4212 1093 4272 iu
1111 4211 1251 4275 Nineue
1267 4207 1395 4272 Ηιιιιιιι
1412 4204 1498 4290 quod
1513 4200 1647 4265 heredes
1661 4199 1693 4261 le
1708 4196 1816 4261 Bluud

318 4297 480 4385 quondam
497 4304 673 4361 tenuerunt
689 4297 810 4359 ibidem
908 4338 918 4349 -
1010 4337 1020 4347 -
1111 4336 1122 4347 -
1212 4336 1222 4346 -
1517 4329 1527 4340 -
1616 4286 1697 4372 iiia.
1714 4282 1814 4369 iiijd.

362 4435 410 4499 De
436 4434 583 4498 Johauna
608 4433 763 4496 Stourtou
789 4454 845 4517 pro
871 4434 916 4499 di.
934 4436 957 4500 f.
974 4456 1020 4499 m.
1038 4436 1072 4498 iu
1088 4434 1289 4500 Wnuuauan
1304 4428 1389 4514 quod
1405 4425 1546 4490 Thomas
1561 4423 1602 4486 de
1617 4419 1815 4506 Welleslegh

318 4522 479 4609 quondam
496 4525 603 4585 tenuit
619 4522 741 4585 ibidem
803 4561 814 4572 ·
903 4562 914 4573 -
1005 4562 1016 4572 -
1107 4562 1118 4571 -
1208 4560 1218 4570 -
1308 4556 1320 4567 ·
1512 4552 1523 4563 -
1612 4506 1813 4595 iij.c.iiij.d.

362 4660 410 4723 Da
436 4660 556 4721 comite
582 4659 761 4725 Warrewici
788 4678 845 4740 pro
871 4658 916 4723 di.
937 4658 960 4724 f.
976 4680 1021 4723 m.
1037 4661 1072 4722 in
1100 4658 1317 4723 Euauwoara
1342 4651 1428 4736 quod
1458 4646 1626 4712 Johaunes
1651 4643 1692 4707 de
1724 4644 1816 4707 Bello

318 4750 441 4830 Campo
456 4746 620 4828 quondam
638 4748 743 4808 tenuit
759 4745 907 4808 ibidem·
998 4786 1009 4796 -
1103 4786 1113 4795 -
1204 4784 1214 4794 -
1306 4780 1316 4791 -
1407 4777 1418 4788 -
1510 4774 1521 4785 -
1610 4729 1814 4817 iij.e.iiij.d.

363 4885 412 4946 De
428 4890 543 4967 quarta
560 4889 651 4965 parte
678 4903 733 4945 un.
749 4882 771 4946 f.
787 4903 833 4947 m.
851 4884 883 4943 in
912 4884 1066 4949 Seuerou
1091 4882 1210 4946 Miner
1238 4898 1337 4962 quam
1365 4872 1526 4937 Robertna
1552 4869 1592 4933 de
1615 4868 1757 4932 Ferariia
1782 4873 1816 4930 et

319 4971 519 5056 Reginaldns
534 4967 677 5033 Oobham
695 4970 857 5053 qnondam
874 4976 1052 5033 tenuerunt
1066 4971 1187 5032 ibidem
1217 4994 1633 5017 -----
1723 4976 1773 5019 xx.
1783 4952 1815 5017 d.

364 5110 410 5171 De
435 5104 585 5169 iohanne
612 5102 766 5167 Stourtou
793 5125 849 5187 pro
875 5105 950 5191 iiijt·
972 5112 1063 5189 parte
1082 5105 1110 5188 j.
1135 5104 1159 5169 f.
1184 5125 1229 5168 m.
1255 5103 1291 5163 iu
1322 5099 1483 5167 Omana
1506 5112 1607 5175 quam
1633 5090 1819 5157 Willelmua

319 5196 473 5259 Bauastre
488 5193 651 5276 quondam
667 5193 775 5254 tenuit
790 5190 913 5256 ibidem
1011 5216 1634 5243 ·······
1721 5178 1814 5248 aad.

833 5392 853 5434 a
879 5328 1045 5392 feodorum
1056 5328 1189 5411 r-xvij.
1206 5328 1228 5392 i.
1244 5327 1289 5389 di.

878 5416 1083 5480 denariorum
1094 5415 1265 5497 r-oxvj.u.
1283 5406 1393 5498 viij.d.
