4117 6209
294 643 363 721 uc
889 638 1199 706 rusurensis.

340 928 387 991 De
412 927 563 992 Jobanne
588 929 629 992 de
651 929 794 993 Musters
821 950 878 1013 pro
901 935 1018 1013 quarta
1044 935 1135 1014 parte
1160 932 1185 1016 j.
1204 932 1225 994 f.
1241 932 1275 992 in
1293 931 1505 1007 Taenarium,
1521 948 1618 1011 quam
1634 947 1741 991 comes
1756 927 1797 990 da

297 1015 498 1079 Richemond
511 1017 676 1099 quondam
690 1018 800 1081 tenuit
816 1056 1639 1069 ---------
1728 1037 1792 1080 ns.

339 1151 388 1214 De
403 1152 507 1215 Adam
523 1152 563 1215 de
580 1153 807 1238 Everyngham
822 1158 857 1216 et
872 1152 997 1216 Thoma
1013 1154 1053 1217 de
1071 1154 1266 1239 Lungvylers
1282 1174 1338 1237 pro
1353 1154 1377 1239 j.
1393 1154 1416 1217 f.
1433 1155 1466 1216 in
1483 1153 1685 1230 EGMANTON,
1709 1152 1793 1234 qnod

296 1238 317 1302 J
319 1238 460 1303 ohannes
475 1239 604 1323 Deyvill
618 1241 781 1325 qnondam
797 1242 906 1304 tenuit
1740 1240 1748 1299 l

234 1459 237 1466 Ι
340 1377 389 1441 De
406 1376 534 1441 Olivero
549 1379 589 1441 de
606 1378 737 1463 Serleby
752 1399 812 1461 pro
826 1379 874 1464 iij.
890 1379 1039 1461 partibus
1053 1380 1077 1464 j.
1094 1379 1117 1444 f.
1134 1380 1169 1441 in
1186 1379 1350 1456 Semnan,
1373 1399 1451 1462 quas
1478 1379 1576 1462 Hugo
1599 1378 1640 1441 dc
1664 1376 1795 1459 Serleby

298 1465 461 1548 quondam
477 1466 596 1529 tenuit.

340 1601 388 1665 De
405 1600 534 1665 Olivcro
549 1603 588 1665 de
605 1601 722 1665 Sancta
737 1602 840 1666 Elena
856 1608 891 1667 et
905 1603 1050 1666 Waltero
1064 1601 1156 1666 Touk
1172 1623 1230 1686 pro
1243 1603 1268 1688 j.
1285 1604 1307 1665 f.
1323 1606 1357 1666 in
1376 1604 1505 1670 Somou
1518 1640 1531 1650 -
1622 1643 1631 1652 -
1721 1602 1795 1666 xla.

343 1739 388 1803 De
402 1740 518 1803 abbate
532 1740 574 1804 de
590 1739 777 1824 Roughford
792 1760 849 1822 pro
864 1740 908 1805 di.
927 1740 948 1803 f.
964 1743 997 1802 in
1014 1741 1182 1803 liuderus
1206 1781 1621 1792 -----
1711 1761 1796 1804 aas.

341 1878 388 1941 De
403 1878 534 1940 domino
548 1876 696 1941 Jobanne
710 1877 752 1940 de
768 1876 890 1961 Lyaeus
904 1898 962 1961 pro
978 1877 1023 1942 di.
1040 1879 1064 1942 l.
1081 1879 1116 1941 in
1132 1879 1270 1942 saccus
1308 1918 1318 1928 -
1410 1919 1419 1928 -
1512 1918 1521 1928 -
1612 1917 1623 1927 ·
1713 1899 1796 1942 xxa.

343 2016 390 2077 De
412 2014 537 2077 Thoma
561 2016 601 2078 de
625 2015 818 2099 Lungvilers
842 2037 901 2098 pro
928 2022 1019 2079 sexta
1036 2021 1128 2098 parte
1143 2017 1167 2102 j.
1186 2015 1209 2080 s.
1226 2018 1261 2079 in
1278 2016 1392 2082 Cornu
1408 2037 1509 2080 auara
1524 2003 1683 2092 Dureau,
1702 2034 1798 2095 quam

298 2102 981 2185 NioholausdeAsteleyquondamtonuit
1081 2144 1092 2154 -
1183 2136 1194 2146 ·
1285 2144 1296 2153 -
1387 2144 1397 2154 -
1488 2143 1498 2152 -
1591 2099 1797 2186 rj.s.viij.d.

342 2239 391 2300 De
406 2237 553 2300 Johanne
568 2238 608 2301 de
624 2237 791 2301 Loudham
807 2260 866 2322 pro
883 2245 997 2321 quarta
1013 2245 1103 2323 parte
1117 2239 1143 2324 j.
1161 2240 1183 2305 f.
1202 2241 1236 2302 in
1252 2241 1497 2317 Brnnassuons,
1525 2259 1623 2324 quam
1639 2238 1798 2303 Robcrtus

299 2328 339 2390 de
355 2325 508 2408 Greseley
524 2327 686 2410 quondam
703 2328 814 2388 tenuit

343 2463 392 2525 De
407 2461 556 2525 Johanne
571 2461 639 2523 filio
654 2462 812 2524 Willelmi
828 2483 885 2545 pro
896 2461 923 2546 j
940 2463 962 2523 f.
978 2464 1012 2524 in
1029 2463 1256 2543 Hannwonnn,
1272 2462 1357 2547 quod
1379 2463 1520 2525 Thomas
1543 2461 1629 2526 filius
1645 2463 1800 2528 Willelmi

299 2557 334 2613 ct
349 2550 572 2627 A(l)bredadc
589 2548 846 2633 Bassingbourne
861 2550 1024 2632 quondam
1040 2557 1219 2613 tenuerunt
1318 2590 1329 2601 -
1419 2591 1430 2600 -
1521 2591 1531 2600 -
1622 2591 1633 2601 -
1721 2549 1799 2616 xla.

344 2687 388 2748 Et
401 2707 466 2748 non
480 2685 675 2769 respondent
689 2684 743 2747 hic
759 2685 917 2770 dc·iiij.li.
933 2707 990 2768 pro
1005 2687 1041 2771 ij.
1062 2687 1081 2750 f.
1098 2687 1133 2749 in
1149 2686 1226 2749 villa
1242 2687 1281 2748 de
1296 2687 1473 2764 llaacnau,
1488 2685 1528 2748 de
1545 2687 1662 2768 quibus
1678 2688 1801 2751 solebat

300 2776 367 2857 regi
381 2773 565 2856 responderi
579 2772 639 2835 sub
654 2774 785 2835 nomine
800 2772 923 2836 Thome
935 2774 974 2836 de
987 2774 1148 2856 Chanoyrs
1163 2776 1230 2852 (sic)
1246 2775 1280 2836 in
1295 2776 1408 2836 eadem
1419 2773 1506 2851 villa,
1517 2776 1601 2836 sicut
1615 2776 1801 2838 continetur

300 2863 335 2923 in
350 2860 525 2923 evidenciis
540 2860 664 2922 eisdem
680 2860 904 2923 collectoribus
926 2861 967 2923 de
990 2863 1147 2923 scaccario
1169 2863 1288 2936 missis,
1310 2861 1388 2942 quia
1411 2861 1554 2943 prefatus
1575 2861 1714 2925 Thomas
1736 2882 1799 2924 non

300 2949 410 3011 tenuit
433 2968 493 3009 nec
519 2947 589 3029 ipse
614 2968 669 3010 seu
694 2953 914 3010 antecessores
938 2949 989 3010 sui
1015 2969 1160 3030 unquam
1187 2949 1277 3031 prins
1299 2954 1478 3010 tenuerunt
1500 2948 1610 3031 aliqua
1631 2957 1730 3012 terras
1745 2969 1798 3011 seu

300 3039 488 3100 tenemento
502 3035 537 3097 in
551 3034 639 3096 dicta
653 3034 731 3097 villa
745 3035 786 3097 de
802 3036 979 3114 Marcoman,
996 3057 1055 3098 nso
1071 3036 1218 3098 homines
1232 3043 1263 3097 et
1280 3041 1428 3098 tenentes
1444 3035 1590 3118 ejusdem
1602 3036 1677 3098 ville
1692 3036 1800 3119 aliqua

301 3129 405 3186 terras
419 3142 475 3185 seu
491 3125 680 3184 tenemento
695 3122 735 3184 de
752 3123 875 3204 prefato
891 3122 1015 3184 Thoma
1029 3144 1085 3186 scu
1101 3123 1358 3185 antecessoribus
1374 3125 1440 3184 suis
1456 3124 1489 3184 in
1507 3123 1619 3186 cadem
1632 3123 1708 3185 villu
1723 3128 1800 3184 tunc

301 3215 485 3287 tonuerunt,
501 3214 550 3271 set
565 3209 733 3291 predictus
748 3208 887 3272 Thomas
902 3213 1011 3273 tenuit
1026 3210 1062 3294 ij.
1079 3209 1102 3274 f.
1114 3212 1149 3272 in
1165 3211 1300 3272 diversis
1317 3209 1401 3272 villis
1418 3214 1452 3272 et
1468 3209 1643 3272 hundredis
1658 3211 1802 3296 ejusdem

302 3299 488 3373 comitatus,
502 3296 590 3359 unde
605 3296 686 3358 dicti
702 3297 888 3359 collectores
903 3307 1080 3360 onerantur
1095 3299 1129 3358 in
1146 3294 1205 3358 hoc
1221 3297 1326 3360 rotulo
1342 3297 1382 3359 de
1408 3298 1578 3380 particulis
1594 3299 1651 3361 sub
1673 3299 1803 3360 nomine

302 3384 426 3448 Thome
441 3385 482 3448 de
498 3381 680 3460 Chaworth‚
691 3385 777 3447 unde
792 3383 833 3446 de
848 3385 893 3446 di.
910 3387 932 3449 f.
949 3387 983 3446 in
1000 3385 1168 3450 Mimans
1184 3386 1218 3446 in
1235 3383 1477 3466 wappcntachio
1493 3385 1533 3446 dc
1548 3385 1752 3470 'l'hurgerton
1770 3390 1804 3448 et

303 3471 389 3554 Lyth
420 3477 453 3534 et
481 3478 598 3555 quarta
627 3477 719 3553 parte
748 3472 772 3556 j.
800 3472 823 3534 f.
854 3472 889 3535 in
914 3473 1113 3538 Wonnuaon
1139 3473 1173 3533 in
1197 3472 1311 3534 codem
1336 3472 1580 3555 nappentachio
1608 3483 1643 3534 et
1668 3473 1693 3558 j.
1721 3474 1744 3538 f.
1770 3473 1803 3534 in

302 3562 489 3624 Enwannou
505 3560 540 3620 in
558 3560 802 3640 nappentachio
816 3558 857 3621 de
873 3558 1034 3642 Rysclyve
1051 3567 1086 3621 et
1101 3563 1217 3642 quarta
1233 3569 1324 3642 parte
1339 3560 1364 3644 j.
1382 3562 1404 3623 f.
1423 3561 1457 3620 in
1476 3560 1588 3627 Souna
1604 3560 1755 3626 Ouiaros
1770 3560 1804 3621 in

303 3643 546 3729 wappentachio
561 3646 602 3708 de
618 3643 768 3711 Newerk.

347 3783 397 3846 De
426 3781 575 3846 Johanne
605 3782 673 3844 lilio
699 3782 857 3846 Willelmi
885 3804 943 3866 pro
973 3783 1022 3869 iij.
1048 3784 1193 3867 partibus
1219 3782 1246 3868 j.
1272 3785 1296 3848 f.
1324 3787 1358 3848 in
1389 3785 1615 3852 Casannuaon
1645 3790 1680 3848 et
1706 3785 1806 3852 Wssr

304 3873 471 3948 Daimon,
487 3891 567 3953 quas
582 3870 722 3932 Thomas
737 3869 825 3932 tilius
843 3870 998 3933 Willelmi
1014 3872 1177 3954 quondam
1193 3873 1301 3934 tenuit
1397 3912 1407 3922 -
1498 3912 1508 3922 -
1599 3912 1610 3922 -
1699 3893 1805 3937 anna

348 4005 632 4071 DcWillelmode
648 4005 801 4069 Grendon
817 4004 913 4090 proj.
930 4008 952 4071 f.
969 4009 1004 4070 in
1020 4009 1249 4074 Bansnwonnn
1327 4048 1337 4058 -
1427 4047 1437 4057 -
1529 4047 1539 4057 -
1629 4047 1640 4057 -
1729 4009 1805 4073 als.

348 4146 397 4208 De
413 4146 506 4207 Anna
520 4164 582 4228 qna
596 4143 661 4206 tuit
676 4162 757 4206 uxor
771 4143 919 4207 Edwardi
934 4143 965 4206 le
980 4143 1158 4227 Desponscr
1173 4165 1229 4228 pro
1246 4145 1290 4210 di.
1306 4145 1329 4210 f.
1346 4145 1379 4207 in
1398 4145 1566 4208 annmnn
1582 4144 1706 4223 Tarona,
1722 4146 1807 4230 quod

272 4309 275 4316 Ι
304 4233 476 4317 episcopus
491 4230 710 4295 Karleolensis
724 4231 888 4313 quondam
903 4232 1010 4295 tenuit

635 4367 842 4431 denariorum
853 4366 1053 4452 z—lxviij.li.
1070 4368 1195 4453 xviij.s.
1213 4367 1312 4452 iiij.d.

459 4413 594 4476 summa
634 4454 799 4518 feodorum
810 4455 986 4541 :—xxxiiij.
1003 4456 1026 4520 f.
1043 4457 1142 4519 tercia
1157 4477 1233 4538 pars
1248 4462 1283 4518 et
1297 4462 1410 4519 octava
1425 4475 1498 4538 pars
1512 4456 1536 4540 j.
1553 4455 1575 4520 i.
1592 4477 1637 4521 m.

712 4718 931 4784 Hnunannun
955 4741 998 4785 nn
1021 4719 1406 4789 BROKELESTOWE.

348 4860 396 4922 De
411 4857 431 4920 J
433 4856 556 4920 ohanne
571 4853 688 4936 Darcy,
698 4853 719 4915 J
721 4854 845 4917 ohanne
859 4853 947 4938 Gray
956 4856 997 4918 de
1010 4856 1180 4920 Godenore
1196 4860 1263 4936 (sic)
1279 4863 1312 4919 et
1324 4855 1463 4918 Ricardo
1476 4855 1660 4942 Wylughby
1672 4879 1730 4942 pro
1742 4881 1772 4924 x.
1787 4859 1808 4924 f.

307 4951 341 5010 in
355 4948 516 5019 Krannon,
530 4942 676 5007 Wannou
691 4943 773 5018 (sic),
786 4941 1006 5020 Baannuana,
1017 4965 1078 5027 quc
1094 4944 1256 5007 Robcrtus
1271 4944 1312 5006 de
1328 4943 1499 5007 Stuttevill
1514 4945 1676 5028 quondam
1692 4949 1809 5026 tenuit,

306 5053 441 5118 qnorum
470 5028 605 5112 quidem
634 5029 850 5090 maneriorum
881 5029 1046 5092 Johannes
1084 5031 1187 5114 Darcy
1219 5035 1308 5094 tenet
1346 5033 1526 5093 manerium
1564 5032 1604 5094 de
1640 5035 1811 5112 Kraunoi,

305 5120 470 5184 Johannes
496 5115 584 5196 Gray
611 5119 700 5176 tenet
728 5115 908 5178 manerium
941 5115 1011 5203 [de]
1046 5119 1179 5183 Bassos
1207 5126 1241 5180 et
1267 5119 1424 5180 Ricardus
1450 5118 1490 5180 de
1520 5118 1702 5203 ll'ylughhy
1720 5131 1809 5185 tonet

307 5207 490 5271 manerium
506 5202 547 5265 da
562 5201 770 5268 Beanannan
804 5241 815 5252 .
905 5244 937 5284 ,ἱ
1007 5244 1625 5256 .......
1714 5230 1765 5273 xx,
1774 5211 1808 5274 li.

348 5343 397 5406 De
413 5340 535 5404 Thoma
550 5338 650 5420 Barry
666 5357 723 5420 pro
748 5337 773 5422 j.
791 5338 815 5404 f.
832 5340 866 5401 in
883 5340 1085 5418 Therasiam,
1101 5340 1186 5421 quod
1205 5338 1388 5402 Willelmus
1405 5340 1445 5402 de
1461 5338 1634 5426 Pykeryng
1649 5347 1812 5426 qnondam
