4117 6209
317 672 358 733 52
890 668 1239 736 NOR'PHAMPTON.

364 1004 903 1034 ...........
929 954 1161 1038 Chamberlcyn
1176 954 1340 1040 quondam
1351 953 1460 1016 tenuit
1475 952 1539 1016 duo
1555 953 1577 1018 f.
1589 952 1623 1014 in
1635 949 1818 1017 Wonnsson

317 1046 353 1105 eb
379 1042 553 1119 Samson,
576 1043 662 1107 unde
685 1044 825 1109 decanus
855 1048 890 1107 eb
913 1044 1059 1107 canonici
1086 1044 1161 1105 novi
1191 1042 1325 1127 collegii
1354 1038 1455 1103 Beate
1484 1039 1603 1116 Maris,
1632 1038 1819 1116 leicestrie,

317 1134 432 1192 tenent
446 1128 471 1213 j.
489 1130 510 1195 f.
526 1152 572 1195 m.
590 1132 807 1214 predictorum
824 1132 846 1197 f.
868 1138 903 1195 et
925 1130 1092 1197 Johannes
1138 1175 1817 1195 .............

319 1264 989 1283 .............
1014 1217 1114 1281 Beate
1125 1216 1228 1280 Marie
1238 1216 1279 1279 de
1289 1214 1396 1279 Pratis
1406 1214 1502 1299 juxta
1510 1214 1542 1277 N
1543 1213 1817 1296 orhamptonian

318 1302 415 1366 abbas
426 1302 653 1453 dcbIavenden
669 1305 993 1369 etThomasWalton
1009 1305 1106 1369 modo
1122 1307 1238 1367 tenent
1253 1303 1391 1366 alterum
1404 1303 1427 1366 f.
1440 1323 1484 1367 m.
1501 1298 1689 1389 [separatim
1704 1297 1812 1386 equis]

319 1410 463 1474 porcsom
487 1410 534 1455 us.

365 1576 810 1594 .........
843 1530 884 1592 dc
900 1528 1066 1591 Wolasbon
1082 1527 1244 1611 quondam
1259 1527 1369 1589 tenuit
1382 1526 1407 1611 j.
1431 1522 1470 1611 [f.
1486 1546 1531 1590 m.
1549 1522 1600 1611 in]
1621 1527 1816 1605 Wonasnon,

317 1613 404 1676 unde
419 1613 604 1681 Willelmus
619 1615 658 1679 de
675 1615 840 1679 Wolsston
857 1615 954 1681 modo
968 1620 1060 1679 tenet
1075 1618 1224 1698 quartam
1239 1619 1365 1697 parbem
1382 1612 1520 1696 predicti
1534 1613 1557 1676 f.
1573 1635 1618 1678 m.

683 1754 763 1831 (The
780 1764 841 1817 resi
856 1755 895 1837 os
904 1754 967 1817 aas
981 1754 1165 1837 inquisit-ion
1182 1754 1212 1815 is
1219 1752 1463 1835 fracmeniocy.)

720 1981 781 1991 ι-

830 2138 1026 2202 Daemones
1049 2158 1092 2201 nn
1115 2136 1311 2201 HIGHAM.

364 2299 545 2385 Inquisicio
559 2304 656 2383 capta
670 2298 757 2382 apud
772 2296 917 2384 Highsm
933 2297 1065 2362 Fensers
1080 2307 1139 2362 xm⁰
1155 2298 1210 2361 die
1224 2297 1246 2360 J
1248 2298 1317 2359 unii
1345 2316 1430 2361 anno
1456 2299 1548 2382 regni
1575 2300 1661 2383 regis
1686 2298 1821 2363 Henrici

321 2389 406 2450 sexti
421 2392 495 2472 post
509 2392 727 2472 conquestum
743 2394 844 2463 sexto,
860 2406 967 2449 coram
983 2384 1133 2449 Jobanne
1149 2384 1335 2447 Randesson
1351 2389 1414 2448 etc.

365 2552 507 2616 Ecclesia
535 2552 676 2619 Onnum
705 2552 902 2619 thcsonon
933 2553 967 2613 in
999 2552 1276 2617 Ianamonoaooa
1305 2556 1419 2614 taxata
1449 2558 1520 2614 ereb
1549 2551 1589 2614 ab
1618 2554 1754 2636 antiquo
1778 2554 1821 2617 ad

322 2660 485 2704 summam
514 2646 648 2704 centum
680 2640 870 2719 solidorum,
902 2644 953 2702 set
982 2658 1048 2702 non
1077 2644 1153 2701 sunt
1180 2660 1239 2701 nec
1268 2642 1401 2701 fuerunt
1431 2647 1579 2722 tempore
1608 2642 1822 2705 concessionis

320 2728 467 2810 predicte
481 2727 516 2791 in
531 2728 644 2791 cadem
661 2723 813 2810 parochia
827 2726 892 2789 nisi
908 2730 1042 2789 tantum
1057 2732 1131 2788 ooto
1146 2725 1369 2789 inhabitantes
1382 2725 1549 2788 domicilia
1563 2732 1725 2792 tenentes.

366 2864 512 2929 Ecclesia
537 2866 578 2928 de
611 2864 775 2933 Samson
799 2884 865 2927 non
889 2870 1021 2927 taxatur
1047 2882 1109 2925 nec
1134 2867 1212 2926 sunt
1237 2862 1359 2926 ibidem
1384 2864 1420 2926 in
1445 2864 1561 2927 cadem
1586 2865 1736 2947 parochie
1757 2868 1822 2930 nisi

324 2956 454 3015 tantum
470 2958 597 3035 septem
612 2951 835 3016 inhabitantes
850 2951 1019 3015 domicilia
1034 2956 1195 3017 tenentes.

368 3089 408 3152 In
424 3089 517 3176 cujus
530 3094 595 3155 etc.

836 3306 1033 3371 Dncancsos
1056 3326 1099 3370 nn
1122 3306 1315 3371 BRAKLE.

368 3464 550 3551 Inquisicio
580 3472 676 3549 capia
707 3468 793 3551 apud
823 3466 1007 3531 Maidewcll
1039 3466 1095 3552 xij.
1126 3466 1180 3529 die
1211 3466 1305 3530 Junii
1333 3486 1418 3531 anno
1446 3469 1540 3554 regni
1569 3471 1657 3554 regis
1688 3469 1825 3534 chrici

326 3551 378 3639 vj¹¹
395 3561 484 3617 sexto
499 3575 606 3617 coram
621 3553 744 3618 Thoma
759 3554 878 3619 Warde
892 3560 954 3619 eto.

368 3716 408 3778 In
424 3714 579 3800 parochia
594 3717 633 3780 de
652 3716 762 3783 Sanan
778 3717 812 3780 in
830 3716 998 3780 hundredo
1012 3716 1054 3779 de
1070 3716 1183 3781 Brscls
1198 3736 1264 3781 non
1279 3723 1357 3781 sunt
1372 3718 1437 3782 nisi
1451 3724 1589 3804 quatuor
1605 3718 1828 3784 inhabitantes

328 3804 494 3867 domicilia
509 3809 669 3868 tenentes.

370 3992 537 4075 Similarly
544 3991 604 4075 sor
619 3992 668 4056 the
680 3991 827 4075 pariebas
843 3993 937 4075 os:-

462 4129 582 4207 Som,
598 4128 768 4206 canonos,
783 4128 848 4193 aad
864 4127 1060 4193 Hennam.
