4117 6209
325 631 389 745 229
999 633 1149 704 smoe.

370 910 561 976 womcom
575 917 610 975 et
625 911 939 976 Ere-willelmus
955 913 1118 976 Randulfe
1134 920 1226 975 tenet
1242 913 1337 974 villas
1358 913 1399 974 de
1417 912 1608 972 Wonmerm
1629 915 1660 970 et
1690 909 1768 969 Eia
1789 905 1829 968 de

327 996 470 1061 Henrieo
483 998 524 1062 de
538 997 649 1082 Perey,
664 1011 698 1063 et
712 1000 783 1082 ipse
797 1000 837 1063 de
851 1020 928 1083 rege
942 1000 996 1065 ie.
1013 1004 1064 1063 eet
1079 1019 1145 1063 non
1159 1005 1222 1066 ete.

371 1129 553 1198 Oneaewmn
582 1154 656 1197 cum
687 1134 1100 1218 membris.—Regineldue
1130 1135 1171 1198 de
1205 1133 1416 1200 Ohetewinde
1448 1140 1542 1199 tenet
1572 1132 1757 1196 manerium
1786 1129 1828 1192 de

328 1217 539 1285 Cnaeawmn
554 1238 630 1283 cum
646 1222 809 1302 membris,
836 1223 961 1285 seilicet
986 1223 1142 1301 simeon,
1159 1223 1389 1302 Pammenem,
1403 1223 1642 1297 munimem,
1661 1219 1827 1294 Sadenon,

328 1304 538 1384 Biaaeeeom,
555 1307 735 1387 Howmaa,
753 1321 786 1372 et
801 1310 1015 1374 medietatem
1032 1310 1110 1373 ville
1124 1312 1166 1373 de
1181 1310 1419 1375 Pammenem
1435 1310 1475 1373 de
1491 1308 1630 1372 Rieardo
1651 1306 1720 1368 filio
1736 1305 1830 1365 Alani

327 1412 384 1474 pro
399 1391 435 1480 ij.
453 1394 475 1457 f.
492 1401 526 1458 et
541 1395 613 1477 ipse
627 1394 669 1458 de
683 1415 771 1480 rege.

371 1529 479 1594 Pium
494 1531 681 1598 Enemawa
696 1552 771 1594 eum
788 1533 992 1598 membris.-
1000 1531 1146 1618 Rogerus
1161 1535 1341 1598 Extraneue
1355 1539 1447 1597 tenet
1461 1533 1645 1596 manerium
1661 1530 1701 1592 de
1721 1528 1831 1593 Paavi

327 1616 514 1685 dammim
529 1639 604 1681 eum
619 1619 788 1697 membris,
803 1619 931 1684 sedicet
945 1620 1068 1700 Acmon,
1086 1620 1198 1687 Lame
1219 1629 1253 1684 et
1275 1622 1427 1689 (ἔπειτα
1444 1621 1485 1685 de
1500 1620 1520 1683 J
1522 1622 1648 1683 ohanne
1669 1618 1830 1680 Extxaneo

328 1723 385 1785 pro
400 1704 578 1768 medietate
589 1705 617 1789 j.
635 1706 658 1771 f.
674 1713 705 1770 et
723 1707 796 1794 ipse
811 1707 850 1770 de
865 1729 940 1793 rege
955 1709 1007 1772 i.c.

372 1841 768 1910 Niemeon.-J0hannes
799 1846 840 1909 de
866 1845 1037 1928 Neginton
1063 1851 1154 1909 tenet
1179 1847 1292 1909 villam
1315 1848 1355 1909 de
1382 1847 1556 1912 Naemeou
1581 1844 1621 1907 de
1644 1841 1762 1906 abbate
1787 1841 1830 1902 de

328 1928 516 2009 Hawemon,
533 1936 570 1994 et
593 1930 664 2015 ipse
689 1938 782 1996 tenet
807 1934 843 1996 in
870 1933 1007 1997 liberam
1024 1934 1235 1996 elemosinam
1255 1934 1296 1997 de
1319 1933 1404 1996 dono
1419 1933 1567 1996 Widonis
1588 1928 1753 2005 Extranei,
1774 1927 1832 2011 qui

328 2035 399 2079 eam
415 2022 509 2082 tenet
522 2019 562 2081 de
578 2038 651 2103 rege
667 2021 720 2086 ie.
738 2025 777 2083 ut
792 2019 974 2084 membrum
990 2020 1031 2084 de
1047 2021 1157 2086 Peave
1172 2021 1368 2086 Eecmewe.

372 2153 763 2221 camme-Isaeo&
778 2155 820 2219 de
836 2155 1015 2220 Cherinton
1031 2162 1123 2221 tenet
1138 2158 1335 2224 Onaameom
1350 2178 1408 2242 pro
1422 2157 1603 2220 medietate
1613 2153 1641 2238 j.
1654 2152 1677 2218 f.
1689 2153 1729 2216 de
1743 2173 1832 2236 rege.

374 2292 481 2361 Smne
498 2293 562 2361 Sea
577 2313 651 2356 eum
668 2293 1082 2360 membrie.—Theobaldue
1109 2295 1148 2359 de
1176 2295 1305 2359 Verdun
1332 2302 1429 2359 tenet
1452 2294 1632 2357 manerium
1656 2293 1697 2356 de
1724 2292 1834 2360 Saome

331 2379 395 2447 em
418 2398 493 2442 eum
519 2380 685 2459 membris,
711 2381 837 2446 scilieet
868 2383 1082 2460 Aiuaemou,
1113 2382 1219 2461 mon,
1249 2383 1514 2460 Wasemmwim
1545 2381 1653 2449 Sioim
1682 2381 1832 2454 Annam,

329 2467 511 2545 Wonnms,
546 2467 806 2546 Hesmscmwn,
856 2470 1045 2546 Paeanem,
1090 2469 1233 2535 Moaeou
1284 2471 1359 2546 See,
1406 2471 1550 2546 senene,
1597 2467 1834 2541 mmmmm,

328 2555 519 2704 ἕψητε,
536 2556 728 2634 anneum,
743 2556 854 2635 Hem,
871 2557 1161 2633 wemmam,
1175 2563 1211 2620 et
1234 2557 1367 2623 Peneon
1392 2557 1432 2620 de
1454 2576 1530 2642 rege
1556 2557 1609 2620 ie.
1624 2560 1664 2617 ut
1686 2551 1833 2616 membra

371 2660 461 2704 rome
478 2662 547 2706 sue.

330 2791 331 2794 ¹
373 2765 788 2852 Pedium—Philippus
802 2768 844 2832 de
859 2768 1035 2853 Peuynton
1051 2775 1143 2833 tenet
1159 2769 1270 2832 villam
1286 2770 1327 2832 de
1342 2770 1522 2835 Pemmu
1544 2769 1584 2831 de
1606 2767 1774 2830 Milieenta
1798 2763 1834 2826 le

330 2852 450 2932 Zuehe,
467 2858 503 2917 et
517 2855 633 2917 eadem
649 2854 822 2919 Milieenta
837 2856 878 2919 de
892 2855 989 2919 feodo
1006 2856 1048 2919 de
1062 2856 1305 2941 Moungomeri‚
1319 2863 1368 2920 eet
1384 2877 1447 2920 non
1463 2857 1502 2921 fit
1517 2856 1643 2919 mencio
1657 2860 1719 2918 ete.

374 2991 769 3058 Hiemem-Rimas
794 2993 836 3056 de
863 2993 1009 3056 Leehton
1040 2999 1133 3057 tenet
1161 2995 1375 3058 medietatem
1400 2993 1478 3056 ville
1507 2994 1547 3058 de
1576 2993 1758 3058 Rimmon
1789 2990 1833 3052 de

330 3078 468 3142 Ricardo
496 3079 566 3142 filio
590 3079 698 3160 Alani,
722 3087 756 3143 et
781 3081 851 3162 ipse
874 3081 915 3143 de
939 3101 1014 3165 rege
1044 3082 1098 3146 ie.
1124 3088 1159 3144 et
1181 3081 1278 3144 abbae
1301 3082 1341 3145 de
1365 3081 1542 3144 Hawemon
1572 3086 1665 3143 tenet
1693 3078 1832 3140 alteram

329 3166 540 3230 medietatem
554 3166 594 3229 de
610 3166 705 3231 feodo
720 3164 868 3251 Philippi
885 3167 1053 3232 marmiun
1068 3168 1103 3230 in
1120 3169 1355 3246 Pennaeecna,
1370 3173 1405 3232 et
1419 3169 1488 3252 ipse
1503 3168 1544 3231 de
1558 3188 1633 3252 rege
1647 3167 1699 3230 i.e.

371 3305 793 3375 itermod-Romnae
807 3307 848 3370 de
863 3306 1029 3371 Halehton
1044 3312 1136 3372 tenet
1150 3307 1262 3370 villam
1277 3306 1317 3370 de
1332 3305 1537 3375 Wmmmeom
1553 3305 1594 3368 de
1608 3302 1744 3366 Rieardo
1763 3302 1834 3365 filio

329 3393 423 3456 Alani
439 3415 496 3477 pro
511 3394 690 3458 medietate
700 3393 728 3479 j.
745 3396 768 3457 f.
784 3397 818 3458 et
832 3395 921 3458 idem
938 3395 1097 3458 Rieardue
1111 3396 1151 3459 de
1166 3414 1241 3481 rege
1255 3395 1308 3459 ic.

372 3532 480 3598 Palem
510 3531 939 3599 Wmnmiou.-J0hannes
965 3532 1053 3597 filius
1078 3535 1154 3597 Aeri
1184 3539 1281 3596 tenet
1309 3533 1519 3596 medietatem
1548 3531 1624 3595 ville
1653 3530 1694 3593 de
1722 3529 1834 3594 Piava

329 3618 535 3688 Wssflmtrou
550 3620 590 3684 de
606 3621 744 3684 Ricardo
759 3620 827 3683 filio
840 3620 935 3683 Alani
952 3626 987 3684 et
1003 3622 1075 3703 ipse
1091 3623 1132 3684 de
1147 3641 1223 3706 rege
1237 3623 1289 3684 ie.
1306 3626 1356 3684 set
1370 3626 1434 3685 ete.

372 3754 544 3820 Ronmeou
560 3763 593 3817 et
610 3753 1020 3838 Eumenem-Philippus
1046 3755 1207 3832 Maveein,
1232 3756 1392 3819 Henrieue
1416 3752 1580 3833 Forentar,
1607 3751 1763 3816 Rieardue
1791 3751 1834 3813 de

330 3839 495 3919 Flosbrok,
510 3851 545 3903 et
561 3840 729 3903 Geltridue
743 3841 774 3904 le
789 3840 908 3924 Taylur
923 3847 1040 3906 tenent
1055 3842 1167 3906 villam
1184 3844 1224 3907 de
1239 3843 1412 3908 Ronmeon
1427 3847 1462 3904 et
1477 3841 1690 3904 medietatem
1701 3838 1778 3902 ville
1792 3838 1834 3900 de

330 3928 512 3994 Sueeanou
526 3928 566 3990 de
581 3927 723 3991 Rieerdo
738 3927 807 3991 filio
823 3927 917 3991 Alani
933 3950 991 4012 pro
1008 3930 1188 3995 medietate
1202 3930 1227 4014 j.
1243 3931 1268 3996 f.
1285 3939 1319 3993 et
1335 3932 1406 4013 ipse
1422 3928 1552 4013 detege
1567 3930 1620 3991 ie.

370 4062 782 4130 mmmm-ammes
796 4064 884 4128 filius
899 4064 1032 4129 Griffini
1057 4067 1098 4129 de
1124 4065 1290 4151 Ightefeld
1313 4072 1408 4131 tenet
1435 4065 1548 4128 villam
1571 4064 1612 4129 de
1637 4063 1834 4130 lammam>

328 4170 387 4235 pro
400 4151 578 4214 medietate
592 4171 618 4238 1·
633 4150 664 4216 f.¹
674 4151 716 4216 de
732 4171 807 4236 rege
821 4152 875 4219 ie.

373 4288 638 4358 sonamite-lvo
652 4288 694 4352 de
708 4287 842 4354 Solemn
856 4295 949 4354 tenet
960 4290 1074 4354 villam
1088 4291 1129 4355 de
1147 4292 1298 4360 Somou
1312 4292 1353 4356 de
1367 4291 1511 4358 Roberto
1524 4291 1566 4356 de
1577 4289 1704 4369 corbet,
1713 4295 1749 4352 et
1763 4289 1836 4372 ipse

328 4376 369 4439 de
384 4376 508 4460 eapella
522 4376 647 4439 domini
662 4377 748 4461 regie
762 4378 796 4440 in
810 4383 916 4442 eastre
930 4377 1073 4462 salopie,
1089 4382 1140 4443 eet
1155 4384 1218 4444 ete.

372 4512 726 4579 Lixum-willelmus
740 4512 782 4577 de
797 4512 909 4578 Laken
925 4520 1019 4578 tenet
1034 4515 1146 4579 villam
1161 4516 1202 4580 de
1217 4516 1332 4582 Lmen
1349 4516 1390 4579 de
1406 4515 1550 4580 Roberto
1565 4512 1697 4591 corbet,
1710 4518 1746 4575 et
1759 4514 1833 4594 ipae

329 4603 369 4663 de
384 4601 474 4664 dieta
487 4600 622 4684 capella,
639 4607 691 4665 eet
706 4597 770 4666 etcss
1281 4641 1284 4645 ²

372 4739 557 4804 Rowamom
573 4745 608 4801 et
622 4737 1100 4805 mammam—walterus
1115 4741 1156 4804 de
1171 4740 1354 4824 Eylleeburi
1369 4745 1461 4803 tenet
1471 4738 1581 4802 villam
1592 4738 1634 4801 de
1644 4737 1832 4802 Rewemon

328 4833 362 4890 et
377 4826 629 4890 Emawuemm
645 4825 686 4888 de
701 4824 815 4888 herede
831 4826 971 4891 Henriei
987 4827 1028 4890 de
1043 4827 1217 4907 Erdinton‚
1234 4833 1269 4892 et
1283 4829 1352 4910 ipse
1367 4827 1409 4890 de
1424 4846 1499 4911 rege
1514 4826 1567 4891 ie.
1582 4830 1632 4889 eet
1645 4830 1707 4889 ete.

373 4957 798 5040 Dumium-'willelmus
822 4963 861 5026 de
885 4963 1055 5049 Derynton
1079 4971 1171 5029 tenet
1188 4965 1301 5028 villam
1326 4966 1366 5029 de
1389 4963 1565 5031 Daemon
1584 4964 1624 5027 de
1641 4960 1777 5024 Rieudo
1792 4961 1836 5024 de

330 5049 483 5131 Harleye,
500 5054 535 5112 et
549 5049 620 5134 ipae
634 5055 675 5112 de
689 5049 795 5131 priore
810 5049 851 5113 de
866 5050 1016 5131 Wenlok,
1031 5057 1083 5118 eet
1097 5072 1163 5116 non
1178 5059 1242 5117 ete.

372 5183 697 5269 Wauna.-Meyller
718 5183 761 5248 de
776 5184 905 5266 wadre,
921 5186 1079 5252 Ricardua
1105 5188 1194 5252 filiua
1219 5188 1362 5267 aicardi,
1379 5187 1536 5251 Rieardua
1561 5185 1648 5250 filiua
1664 5181 1838 5259 willelmi,

329 5282 363 5338 et
378 5273 494 5352 Micia,
519 5292 582 5357 que
606 5273 671 5335 fuit
697 5291 778 5336 uxor
803 5273 937 5339 Roberti
963 5275 1103 5361 Meyller
1128 5283 1240 5339 tenent
1264 5276 1375 5340 villam
1396 5275 1437 5337 de
1456 5274 1584 5341 Weuaa
1610 5272 1650 5336 de
1675 5269 1839 5334 Katerina

328 5359 654 5512 &xemeldestom
682 5367 718 5424 et
747 5360 821 5447 ipsa
850 5360 891 5424 de
920 5361 1077 5426 Niehoiao
1108 5363 1148 5425 de
1175 5361 1410 5446 Audetheleye,
1440 5370 1474 5425 et
1503 5363 1574 5443 ipse
1602 5360 1642 5422 de
1671 5377 1746 5441 rege
1777 5358 1836 5421 i.e.
