4117 6209
899 1143 1150 1262 titinio.

814 1435 923 1512 [ΑΒ.
970 1433 1234 1512 1284-1285.]

786 1670 932 1679 -—-—-

315 1828 454 1892 Botulus
482 1829 650 1894 feodorum
681 1851 744 1915 que
772 1837 930 1896 tenentur
958 1832 1000 1896 dc
1029 1854 1104 1918 rege
1134 1835 1187 1900 i.c.
1216 1841 1250 1897 et
1278 1834 1353 1897 aliie
1385 1833 1520 1898 diversis
1550 1833 1584 1896 in
1615 1832 1776 1895 comitatu

274 1915 398 1980 Oxonie
422 1917 597 1981 secundum
622 1919 854 2001 inquisiciones
878 1920 956 1984 inde
979 1920 1082 1985 fectae
1106 1942 1215 1986 coram
1231 1957 1361 1970 —-
1384 1929 1419 1986 ct
1442 1921 1537 1986 sociis
1561 1918 1628 1984 euie
1652 1918 1693 1982 ed
1718 1917 1776 1981 hoc

270 2005 444 2088 assignatis
463 2026 518 2088 per
538 2007 647 2088 ipsum
661 2027 785 2092 regem.

730 2270 950 2340 Huunennun
974 2295 1018 2340 nn
1042 2274 1329 2343 LANDGETRE.

320 2429 749 2496 Cnnwnnnsn.-Robertue
772 2434 813 2497 de
840 2435 905 2498 Ver
928 2440 1020 2499 tenet
1045 2436 1157 2500 villam
1180 2437 1221 2499 de
1249 2435 1456 2502 Ocnwunnsn
1481 2434 1516 2497 in
1544 2435 1706 2498 dominico
1736 2434 1778 2497 de

276 2516 441 2579 Willelmo
469 2516 510 2579 de
539 2517 706 2597 Valencie,
736 2525 771 2583 et
799 2522 887 2585 idem
917 2523 1101 2586 Willelmus
1130 2525 1171 2587 de
1200 2543 1290 2607 rege,
1330 2521 1385 2586 ecd
1424 2540 1488 2585 non
1520 2521 1557 2584 fit
1586 2522 1712 2586 mencio
1742 2521 1777 2582 in

275 2604 489 2687 inquisicione
504 2625 563 2688 per
578 2605 664 2690 quod
679 2607 865 2686 servicium,
879 2616 913 2673 et
928 2613 1070 2694 pertinet
1084 2611 1124 2673 ad
1140 2610 1308 2674 baroniam
1324 2609 1365 2673 de
1382 2607 1474 2693 Egel.

320 2741 715 2810 iterumn-walterus
747 2744 788 2808 de
819 2745 1081 2811 Huntercumbre
1111 2749 1179 2826 (cic)
1209 2750 1299 2811 tenet
1332 2744 1444 2810 villam
1474 2745 1515 2808 de
1542 2745 1716 2811 annunru
1737 2743 1777 2807 dc

275 2830 396 2892 comite
426 2829 583 2892 cornubie
613 2851 671 2913 pro
699 2831 724 2917 j.
751 2831 774 2896 f.
802 2854 847 2898 m·
878 2840 914 2898 et
939 2833 1028 2898 idem
1055 2855 1161 2898 comes
1186 2836 1228 2898 dc
1253 2854 1328 2918 rego
1352 2833 1406 2897 i.c.
1434 2837 1468 2895 et
1493 2833 1639 2914 pertinet
1665 2830 1778 2893 honori

277 2915 525 3000 Walingiordie.

319 3053 781 3120 Monenwnnn.-Willelmus
799 3057 950 3141 Luveday
965 3064 1057 3122 tenet
1079 3058 1301 3125 Muuunwnun
1328 3057 1362 3119 in
1389 3055 1553 3119 dominico
1577 3076 1633 3139 pro
1655 3055 1681 3139 j.
1697 3054 1721 3117 f.
1737 3054 1777 3118 de

276 3141 636 3314 {Zmsstgigoiactlbcmalie
654 3144 736 3223 (sio),
751 3149 784 3206 et
800 3145 915 3208 eadem
930 3146 1097 3210 comitissa
1110 3146 1151 3210 de
1167 3146 1287 3208 comite
1302 3143 1473 3225 Cornubie,
1494 3147 1528 3206 et
1554 3143 1644 3206 idem
1670 3161 1778 3206 comer

323 3367 409 3433 Sron
423 3366 771 3450 Bessum-Rogana
785 3369 825 3432 de
841 3369 965 3434 Moeler
980 3376 1074 3434 tenet
1089 3370 1202 3434 villam
1217 3370 1257 3434 dc
1275 3369 1363 3440 Sron
1387 3369 1533 3436 Bresnrr
1558 3368 1592 3431 iu
1616 3367 1778 3431 dominico

276 3455 316 3516 de
340 3453 488 3518 Johonne
512 3455 553 3518 de
580 3455 730 3538 Rypariis
754 3476 811 3540 pro
830 3456 857 3541 j.
873 3456 895 3520 f.
923 3466 957 3543 et
980 3458 1069 3523 idem
1085 3458 1251 3522 Johannes
1264 3458 1306 3522 de
1321 3457 1449 3540 Rogero
1463 3457 1496 3520 le
1511 3456 1626 3535 Zucch,
1642 3463 1677 3518 et
1690 3455 1778 3518 idem

277 3542 422 3625 Rogerue
437 3542 478 3605 dc
492 3542 611 3606 comite
626 3542 797 3624 Cornubie,
812 3553 845 3609 ct
859 3545 950 3611 idem
964 3566 1072 3611 comcs
1087 3546 1128 3610 de
1143 3567 1220 3630 rege
1234 3547 1284 3610 i.c.

319 3679 745 3746 eucnemon-Johannes
773 3680 940 3746 Mormiun
970 3686 1066 3746 tenet
1095 3682 1209 3747 villam
1237 3682 1277 3746 de
1308 3681 1513 3750 Ouennnnon
1543 3698 1601 3763 pro
1631 3677 1658 3763 j.
1689 3679 1715 3744 f.
1741 3679 1781 3742 de

276 3766 430 3851 Philippo
445 3768 620 3848 Mcrmiun,
637 3775 671 3834 ct
686 3770 776 3834 idem
791 3767 964 3853 Philippus
979 3770 1021 3834 de
1036 3791 1112 3856 rege
1127 3772 1181 3836 i.c.

317 3905 606 3990 Germe-Hngo
621 3904 762 3970 Durwalt
777 3913 871 3970 tenet
886 3907 999 3970 villam
1012 3907 1053 3970 de
1068 3907 1200 3976 Giano
1214 3906 1256 3970 de
1271 3907 1393 3970 comite
1408 3903 1569 3969 Oornubie
1584 3923 1642 3986 pro
1655 3903 1692 3986 ij.
1709 3902 1731 3966 f.
1747 3910 1781 3967 et

275 3993 383 4055 dictus
397 4011 505 4056 comes
518 3993 559 4055 de
574 4013 650 4077 rege
665 3993 716 4058 i.c.

319 4127 701 4197 women-Ismene
741 4126 782 4192 dc
821 4128 986 4209 Fortibus,
1029 4129 1196 4192 comitisse
1236 4125 1448 4203 Albemarlie,
1476 4128 1569 4190 tenet
1598 4125 1709 4188 vitlem
1740 4125 1780 4188 de

278 4216 465 4284 Wmnnncn
481 4217 520 4278 de
534 4217 652 4278 comite
668 4215 831 4279 Cornubie
846 4236 904 4300 pro
918 4216 942 4302 j.
958 4216 982 4282 t.
999 4221 1034 4280 ct
1049 4216 1137 4279 idem
1153 4234 1261 4278 comcs
1276 4214 1316 4277 de
1331 4233 1407 4299 rege
1423 4213 1475 4279 i.c.

319 4353 577 4419 annnnnmu
602 4351 958 4420 carnee-ummo
983 4354 1025 4419 dc
1050 4352 1184 4437 Ohcwey
1199 4358 1294 4418 tenet
1315 4351 1573 4419 annnucneu
1594 4349 1727 4420 Gmcsr
1742 4353 1781 4416 dc

276 4443 396 4505 comite
411 4441 571 4509 cornubie
586 4441 703 4523 prodi.
720 4440 743 4507 f.
759 4446 792 4504 ct
808 4441 897 4506 idem
911 4462 1018 4506 comes
1033 4442 1073 4505 de
1087 4461 1164 4527 rege
1179 4442 1233 4508 i.c.

697 4736 868 4804 Drumrurr
891 4757 1103 4804 nunonnnuu
1126 4757 1170 4804 cn
1193 4735 1376 4804 EWELM.

325 4897 763 4968 cnutonem-willelmus
778 4900 937 4966 Barentin
948 4908 982 4966 et
993 4902 1179 4987 Mergarcte
1193 4902 1233 4965 de
1245 4899 1397 4964 Plessetie
1412 4903 1526 4962 tenent
1535 4897 1572 4960 in
1584 4897 1782 4964 Omonnvn

278 4987 314 5070 ij.
332 4989 355 5050 f.
371 5008 416 5053 m.
434 4987 474 5049 de
490 4987 610 5049 comite
627 4983 800 5065 Oornubie,
815 4995 851 5051 et
867 4990 954 5052 idem
970 5010 1079 5054 comes
1095 4989 1135 5053 de
1150 5009 1227 5073 rege
1241 4988 1293 5054 i.c.

323 5125 446 5191 Mrem
474 5125 842 5193 Horace-Rodum
867 5126 996 5210 Pypcrd
1026 5132 1119 5190 tenet
1148 5127 1181 5188 in
1213 5123 1336 5191 Mecun
1366 5123 1522 5190 Hesentn
1552 5121 1589 5207 ij.
1619 5123 1640 5188 i.
1664 5141 1709 5190 m.
1741 5121 1782 5185 de

280 5215 425 5297 predicto
439 5215 572 5291 comite,
583 5221 619 5277 et
633 5235 741 5278 comce
756 5213 797 5277 de
812 5234 900 5298 rege.

323 5350 445 5418 Mroun
461 5351 730 5418 Bucco-Fumo
755 5354 796 5417 de
821 5351 927 5416 Rucot
954 5358 1045 5416 tenet
1072 5353 1107 5413 in
1135 5350 1258 5416 Mrcur
1283 5349 1395 5416 Peucon
1423 5349 1445 5414 f.
1458 5347 1486 5430 j.
1503 5367 1548 5413 m.
1577 5346 1618 5409 de
1638 5345 1784 5428 predicto

280 5441 412 5519 comite,
427 5448 460 5503 et
476 5440 563 5503 idem
578 5461 686 5505 comcs
701 5441 842 5524 detege.
