4117 6209
705 654 1039 722 uoannnnnnou
1071 651 1168 738 [nn.
1195 650 1304 737 nea]
1692 652 1756 714 443

299 938 469 1002 Galfridue
498 942 538 1003 de
568 941 687 1005 Sancto
717 943 872 1006 Medardo
903 947 994 1006 tenet
1023 943 1056 1004 in
1084 942 1308 1017 Tnonunawn
1338 939 1756 1016 Svennnou,W1nnannvo,

257 1025 500 1104 Wannnsnoan
531 1035 565 1090 et
595 1030 709 1095 Ennou
740 1029 800 1116 iiij.
826 1030 849 1095 f.
875 1031 981 1095 mdc
1011 1030 1126 1093 eodem
1156 1028 1286 1105 abbate,
1312 1028 1368 1090 eed
1399 1047 1464 1091 non
1495 1026 1533 1088 fit
1564 1026 1691 1087 mencio
1721 1026 1756 1087 in

256 1112 469 1195 inquisicione
484 1135 542 1197 ρετ
557 1117 644 1197 quod
659 1119 844 1182 servicium.

300 1248 485 1332 Stephanus
511 1254 551 1314 de
576 1251 720 1316 Comhili
744 1260 836 1317 tenet
857 1254 884 1337 j.
900 1255 923 1319 f.
940 1255 980 1316 de
1004 1274 1086 1315 novo
1102 1255 1137 1316 in
1155 1252 1341 1329 Souanone,
1358 1251 1529 1327 Wancocn,
1546 1250 1754 1327 Ερρτρετορ,

256 1336 414 1439 ῖῖῖρρορρ,
431 1344 464 1402 εῖ
479 1340 595 1406 Εττορ
610 1342 651 1403 de
667 1342 782 1405 eodem
798 1342 927 1420 abbate,
943 1342 997 1404 sed
1015 1360 1078 1403 ρορ
1096 1340 1132 1403 fit
1149 1341 1276 1402 mencio
1300 1339 1333 1400 in
1359 1338 1572 1420 inquisicione
1599 1358 1657 1420 per
1671 1336 1756 1419 quod

257 1444 440 1489 eervicmm.

300 1558 464 1625 Jobannee
481 1562 614 1627 Fauvell
629 1570 722 1627 tenet
737 1566 771 1627 in
787 1566 951 1632 Wanconn
967 1570 1001 1626 et
1019 1565 1196 1631 Sunnonnn
1212 1563 1236 1649 j.
1250 1563 1273 1626 f.
1288 1562 1329 1624 de
1343 1562 1460 1623 eodem
1476 1560 1606 1639 abbate,
1621 1561 1675 1625 sed
1691 1582 1755 1625 non

256 1646 295 1708 fit
310 1650 437 1711 mencio
451 1651 485 1713 in
501 1651 719 1733 inquisicione
734 1673 790 1735 ρετ
805 1652 889 1734 quod
906 1652 1090 1715 cervicium.

300 1782 439 1848 Domina
464 1789 588 1871 regina,
615 1809 741 1852 consors
765 1789 889 1851 domini
915 1790 1001 1871 regis
1027 1786 1188 1864 Edwardi,
1212 1790 1304 1850 tenet
1332 1786 1366 1848 in
1394 1786 1535 1863 Toaenn,
1551 1787 1757 1863 Bentueaou,

257 1872 377 1949 Aenon,
404 1874 616 1952 Ηρρρρερορ,
652 1878 807 1953 Lnnnau,
841 1878 1028 1953 Sunnoann,
1061 1875 1303 1953 Νορτρρρρρρ,
1334 1872 1485 1952 Nuunov,
1517 1874 1689 1951 Menaeni,
1722 1880 1757 1936 et

257 1958 411 2061 namna
427 1960 475 2047 iij.
492 1963 514 2027 f.
531 1965 632 2028 mdc
656 1964 770 2027 eodem
795 1964 923 2042 abbate,
940 1964 994 2025 aad
1021 1982 1086 2025 non
1112 1961 1150 2024 fit
1177 1964 1304 2024 mencio
1319 1961 1353 2023 in
1368 1961 1583 2042 inquisicione
1600 1981 1656 2043 ρετ
1671 1962 1756 2044 quod

259 2064 440 2113 εετντετρτρ.

300 2180 464 2248 Jobannes
479 2185 519 2248 de
535 2185 756 2250 Folkesvorth
782 2193 873 2249 tenet
899 2188 931 2249 in
952 2188 1160 2254 Satnnnvnou
1177 2192 1211 2247 εῖ
1226 2186 1439 2251 Wnnnenoun
1455 2183 1516 2269 iiij.
1535 2188 1660 2267 partem
1676 2186 1699 2247 f.
1716 2184 1757 2247 de

263 2264 429 2371 [Umirido
452 2274 493 2335 de
519 2272 771 2360 Baesingbum],
794 2280 830 2338 εῖ
856 2275 945 2337 idem
973 2274 1130 2341 Uniridus
1156 2273 1196 2336 de
1222 2274 1336 2336 eodem
1365 2273 1492 2350 abbate,
1524 2279 1559 2335 et
1588 2272 1688 2335 abbae
1718 2272 1758 2335 de

257 2376 334 2439 rege
349 2378 403 2422 1.c.

302 2492 418 2556 Petrus
433 2496 473 2558 de
490 2496 521 2558 la
536 2496 625 2559 Mare
639 2503 728 2561 tenet
744 2500 780 2561 in
794 2498 966 2576 Manneev,
984 2498 1181 2575 Noanunon,
1196 2502 1229 2559 et
1245 2496 1453 2563 Wonnonoan
1480 2494 1516 2581 ij.
1531 2496 1555 2561 f.
1584 2495 1623 2559 de
1646 2495 1759 2560 eodem

257 2580 387 2658 abbate,
402 2583 456 2645 sed
471 2604 536 2647 non
551 2584 589 2646 fit
605 2586 733 2648 mencio
748 2587 783 2647 in
799 2587 1015 2668 inquisicione
1032 2605 1089 2668 per
1104 2584 1189 2668 quod
1207 2585 1389 2647 servicium.

301 2717 465 2783 Johannee
490 2721 531 2785 de
557 2722 737 2806 Helpeeton
761 2729 854 2786 tenet
878 2722 927 2808 iij.
944 2728 1073 2804 partem
1095 2722 1122 2805 j.
1139 2722 1161 2787 f.
1176 2723 1210 2783 in
1227 2722 1428 2788 Hnnpnenou
1444 2722 1484 2785 de
1500 2720 1616 2785 eodem
1632 2721 1760 2799 abbate,

257 2805 392 2869 sednon
408 2808 446 2869 fit
462 2811 589 2872 mencio
604 2810 638 2872 in
654 2811 873 2893 inquisicione
888 2830 945 2893 ρετ
960 2810 1045 2894 quod
1062 2811 1245 2873 servicium.

302 2943 499 3028 Reginaldue
525 2947 565 3010 de
584 2948 752 3011 Watervill
776 2954 867 3011 tenet
893 2948 917 3032 j.
932 2946 956 3013 f.
971 2948 1006 3009 in
1036 2948 1183 3013 Manain
1209 2948 1249 3009 de
1274 2947 1388 3009 eodem
1415 2946 1543 3025 abbate,
1570 2947 1622 3009 aed
1639 2966 1705 3009 non
1721 2946 1759 3009 fit

259 3034 385 3094 mencio
401 3033 435 3094 in
451 3034 669 3117 inquisicione
684 3056 741 3118 ρετ
756 3035 841 3117 quod
858 3036 1040 3099 servicium.

301 3164 463 3229 Robertus
477 3166 621 3231 Peverell
637 3172 729 3231 tenet
740 3168 767 3252 j.
783 3169 807 3234 f.
823 3170 859 3231 in
876 3170 1003 3234 Pasnov
1018 3168 1058 3231 de
1074 3168 1187 3231 eodem
1200 3168 1327 3247 abbate,
1344 3169 1402 3230 sed
1424 3188 1489 3230 ρορ
1513 3168 1551 3231 fit
1573 3170 1701 3233 mencio
1724 3168 1758 3229 in

258 3250 474 3334 inquisicione
490 3275 545 3336 per
560 3256 646 3337 quod
662 3257 846 3321 cervicium.

305 3387 486 3452 Willelmns
500 3390 589 3454 filius
603 3392 761 3454 Wilielmi
777 3393 817 3455 de
833 3392 963 3455 Walton
981 3397 1071 3455 tenet
1088 3390 1150 3475 iiij.
1168 3396 1293 3474 partem
1308 3390 1333 3475 j.
1349 3390 1372 3455 f.
1384 3391 1420 3453 in
1433 3392 1576 3460 Wnnnou
1593 3392 1633 3454 de
1648 3392 1759 3454 eodem

259 3474 387 3554 abbate,
402 3477 459 3539 aed
474 3498 537 3540 non
553 3478 592 3541 fit
607 3481 736 3543 mencio
752 3481 787 3541 in
803 3481 1021 3562 inquisicione
1036 3500 1095 3562 per
1109 3478 1195 3563 quod
1212 3480 1395 3541 servicium.

303 3609 466 3675 Johannee
482 3612 523 3676 de
538 3614 685 3677 Tudbam
701 3621 795 3679 tenet
807 3616 834 3699 j.
851 3615 874 3681 f.
891 3618 926 3679 in
942 3617 1076 3682 Mnnou
1092 3616 1132 3679 de
1148 3613 1261 3679 eodem
1277 3613 1405 3692 abbate,
1421 3615 1478 3677 sed
1500 3634 1563 3676 non
1580 3615 1619 3677 fit
1634 3617 1762 3679 mencio

259 3697 294 3758 in
309 3698 525 3783 inquisicione
540 3722 598 3784 ρετ
613 3703 698 3785 quod
713 3705 895 3770 servicium.

304 3838 466 3901 Henricus
482 3838 568 3903 filius
584 3840 741 3903 Willelmi
757 3848 790 3904 et
805 3842 964 3905 Toraldne
979 3842 1019 3905 de
1038 3841 1149 3905 Castra
1166 3846 1282 3905 tenent
1291 3840 1318 3923 j.
1335 3839 1357 3905 f.
1374 3847 1409 3902 et
1425 3838 1470 3904 di.
1487 3838 1510 3904 f.
1526 3842 1561 3903 in
1578 3840 1705 3907 Cascae
1721 3840 1762 3904 de

259 3924 374 3988 eodem
390 3926 518 4004 abbate,
533 3929 588 3990 sed
604 3948 667 3991 non
683 3928 723 3992 fit
738 3932 865 3993 mencio
881 3931 915 3992 in
931 3931 1145 4014 inquisicione
1161 3950 1215 4012 per
1230 3928 1318 4011 quod
1333 3928 1517 3993 servicium.

304 4022 491 4127 Willelmue
506 4064 671 4127 Marmion
685 4068 778 4128 tenet
794 4065 836 4149 vj.
852 4072 982 4149 partem
1001 4066 1029 4149 j.
1046 4064 1070 4130 f.
1087 4068 1119 4127 in
1147 4064 1274 4133 Caenea
1298 4066 1340 4127 de
1354 4064 1467 4127 eodem
1483 4064 1611 4142 abbate,
1628 4064 1762 4127 sednon

259 4147 299 4211 fit
313 4151 439 4212 mencio
454 4152 489 4213 in
504 4152 722 4234 inquisicione
737 4174 794 4236 per
808 4155 895 4237 quod
911 4155 1095 4217 servicium.

304 4288 501 4352 Laurcncius
516 4289 555 4353 de
572 4290 707 4354 Preeton
724 4296 816 4354 tenet
831 4291 891 4376 iiij.
908 4298 1036 4374 partem
1058 4290 1085 4374 j.
1102 4290 1126 4356 f.
1143 4292 1177 4353 in
1193 4291 1407 4354 Wonncaoa'r
1432 4289 1472 4353 de
1494 4290 1609 4353 eodem
1630 4288 1760 4371 abbate,

260 4376 314 4438 aed
330 4396 392 4439 ρορ
408 4376 448 4439 fit
462 4378 589 4440 mencio
603 4378 638 4439 in
654 4380 871 4461 inquisicione
886 4400 942 4462 per
956 4380 1042 4463 quod
1060 4379 1243 4441 servicium.

742 4615 979 4703 [Huunannun
1003 4615 1062 4703 nn]
1091 4615 1296 4682 WARDON.

305 4751 490 4816 Christiana
504 4753 536 4816 la
552 4752 706 4837 Latymer
721 4760 812 4817 tenet
827 4755 938 4817 villam
954 4756 993 4819 de
1011 4755 1164 4817 Wnunou
1179 4772 1254 4814 cum
1269 4748 1437 4812 hundredo
1453 4748 1493 4811 de
1509 4769 1582 4832 rege
1597 4750 1651 4813 i.c.

302 4888 461 4953 Radultus
472 4890 547 4954 cost
557 4888 684 4976 [en]tin
699 4899 792 4956 tenet
806 4894 841 4955 in
856 4894 994 4958 Bvannn
1009 4893 1054 4955 di.
1071 4892 1093 4957 f.
1109 4892 1148 4955 de
1164 4890 1292 4974 Rogero
1306 4890 1347 4950 de
1364 4888 1492 4950 Mortuo
1509 4886 1605 4964 Mari,
1620 4892 1654 4949 et
1669 4886 1759 4950 idem

262 4974 405 5060 Rogerua
419 4978 459 5040 de
473 4998 548 5061 rege
563 4979 616 5043 i.c.

261 5197 282 5261 d
303 5112 423 5214 Symon
439 5114 478 5178 de
495 5114 624 5200 Veroey
639 5122 729 5181 tenet
744 5118 780 5180 in
797 5118 910 5181 eadem
926 5118 971 5181 di.
987 5116 1010 5183 f.
1027 5116 1067 5180 de
1085 5116 1211 5201 Rogero
1226 5115 1258 5178 la
1275 5112 1416 5191 Zouche,
1439 5100 1475 5176 εῖ
1501 5112 1590 5176 idem
1617 5111 1762 5196 Rogerue

285 5218 303 5261 e
317 5220 392 5285 rege
406 5222 460 5267 nc.

304 5337 461 5403 Ricardue
475 5341 514 5404 de
530 5340 650 5406 Sutton
676 5350 767 5408 tenet
791 5345 853 5431 iiij.
880 5350 1007 5427 partem
1033 5344 1058 5427 j.
1075 5344 1098 5412 f.
1124 5344 1163 5407 de
1187 5342 1308 5405 comite
1333 5339 1527 5417 Sariaburie,
1551 5338 1606 5402 sed
1632 5357 1695 5400 non
1722 5338 1762 5403 fit

262 5428 389 5491 mencio
405 5429 439 5490 in
455 5429 670 5513 inquisicione
686 5453 740 5516 ρετ
755 5434 840 5517 quod
855 5434 1039 5497 cervicium.
