4117 6209
919 654 1002 721 nl).
1028 656 1123 722 1428.
1705 661 1768 726 les

309 938 492 1004 Willelmus
508 939 669 1005 Frethom
684 947 778 1006 tenet
792 942 985 1006 immediate
1000 946 1064 1008 etc.
1081 948 1169 1006 certa
1186 948 1287 1008 terras
1303 956 1337 1008 et
1351 950 1540 1008 tenemento
1563 947 1597 1008 in
1621 945 1766 1029 predicta

269 1026 488 1096 Gnsrnarorv
502 1049 559 1113 per
574 1031 747 1094 servicium
762 1039 817 1095 1¹³⁶
834 1031 937 1114 partis
953 1032 975 1092 f.
990 1050 1036 1096 rn.

312 1163 497 1230 willelmus
511 1165 634 1246 Lovell,
648 1165 799 1244 chivaler,
812 1172 908 1231 tenet
921 1167 1115 1232 immediate
1129 1173 1193 1233 etc.
1219 1175 1309 1232 certa
1334 1173 1435 1232 terras
1459 1175 1494 1232 et
1519 1173 1707 1234 tenemento
1732 1171 1765 1232 in

269 1251 391 1318 Mrem
406 1253 578 1331 Marsuas,
593 1273 656 1337 que
670 1273 776 1337 nuper
790 1253 924 1318 fuerunt
939 1253 1077 1319 Isabelle
1092 1254 1204 1318 Lovell
1219 1275 1275 1338 per
1289 1256 1460 1320 servicium
1475 1255 1520 1322 di.
1537 1257 1560 1321 f.
1578 1277 1622 1324 m.

312 1388 405 1453 Idem
421 1389 607 1455 Willelmus
631 1396 726 1455 tenet
750 1392 942 1456 immediate
968 1397 1032 1458 etc.
1047 1396 1135 1456 certa
1162 1397 1263 1455 terras
1287 1396 1320 1456 et
1344 1397 1531 1456 tenementa
1556 1396 1591 1457 in
1607 1393 1768 1460 Mvussus

269 1475 464 1556 Lsunnnnu,
478 1497 543 1563 qne
557 1498 661 1562 nuper
675 1479 809 1543 luerunt
823 1476 984 1544 Jchannis
999 1478 1158 1544 [amdan
1174 1499 1229 1562 per
1244 1481 1413 1544 servicium
1429 1480 1474 1544 di.
1492 1479 1514 1547 f.
1530 1501 1575 1548 m.

314 1613 473 1679 Robertus
510 1616 666 1680 Andrevve
701 1621 794 1681 tenet
831 1616 1025 1681 immediate
1060 1621 1122 1682 etc.
1161 1623 1251 1679 certa
1289 1623 1389 1680 terras
1427 1627 1461 1680 et
1507 1621 1692 1682 tenemento
1736 1618 1769 1682 in

271 1701 527 1780 (insomnem,
541 1723 604 1788 que
618 1724 721 1787 nuper
736 1704 869 1768 fuerunt
885 1701 1018 1768 Roberti
1035 1703 1182 1767 Hildesle
1197 1723 1254 1785 per
1270 1706 1438 1768 servicium
1453 1705 1478 1791 j.
1495 1703 1518 1769 s.
1535 1726 1581 1770 m.

314 1837 480 1904 Johannes
504 1839 633 1917 Blalret‚
658 1839 815 1920 chivaler,
843 1846 935 1905 tenet
958 1843 1149 1905 immediate
1173 1848 1235 1908 etc.
1262 1847 1349 1906 certa
1370 1848 1470 1906 terras
1485 1848 1519 1906 et
1534 1847 1720 1906 tenemento
1735 1844 1769 1905 in

274 1925 477 2006 ecmonus,
494 1949 557 2013 que
572 1949 673 2012 nuper
688 1934 820 1993 fuerunt
835 1927 994 1993 Jchannis
1009 1929 1135 2014 Tryllse
1151 1950 1208 2013 per
1224 1930 1395 1992 servicium
1411 1931 1510 1993 tercie
1526 1931 1627 2014 partis
1643 1931 1665 1993 f.
1682 1951 1726 1994 m.

316 2063 483 2129 lohannes
498 2065 618 2130 Blalret
632 2071 725 2130 tenet
741 2066 933 2130 immediate
949 2074 1012 2132 etc.
1027 2075 1117 2131 certa
1132 2071 1236 2130 terras
1251 2073 1284 2130 et
1301 2072 1490 2130 tenementa
1516 2069 1549 2130 in
1579 2067 1771 2134 Sannsonns

273 2153 428 2235 predicta,
445 2173 509 2240 qno
523 2173 627 2237 nuper
640 2154 771 2217 suerunt
788 2153 918 2216 Ricardi
934 2153 1172 2218 Williamescot
1186 2174 1243 2237 per
1258 2154 1431 2218 servicium
1447 2154 1491 2218 di.
1507 2155 1530 2219 s.
1548 2175 1592 2220 1n.

317 2288 475 2355 Ricardus
491 2289 692 2372 Walkested‚
720 2288 873 2372 chivaler‚
897 2297 930 2356 et
956 2291 1156 2372 Elizabetha
1184 2313 1263 2356 uxor
1286 2292 1369 2377 ejnr,
1395 2297 1509 2356 tenent
1534 2291 1575 2355 ad
1590 2291 1771 2355 terminum

275 2378 342 2441 vite
357 2378 459 2461 ipsius
473 2376 666 2443 Elizabethe
682 2388 772 2442 certa
786 2389 891 2442 terras
905 2385 941 2442 et
955 2383 1145 2443 tenemento
1160 2380 1194 2442 in
1222 2379 1397 2458 Hannone,
1422 2398 1484 2462 que
1510 2398 1612 2462 nuper
1639 2381 1774 2441 luerunt

275 2463 434 2529 Johannis
450 2464 622 2530 Leukenor
636 2486 695 2549 per
710 2467 882 2530 servicium
898 2467 943 2530 di.
959 2466 983 2530 π’.
1000 2488 1046 2532 m.

318 2600 506 2667 Elimbetha
542 2601 793 2666 Williamescota
828 2607 923 2666 tenet
959 2604 992 2665 in
1031 2603 1140 2667 dotem
1177 2607 1265 2666 certa
1302 2609 1405 2667 terras
1442 2611 1477 2666 et
1513 2593 1712 2666 tenemenla¹
1739 2604 1772 2667 in

275 2688 675 2862 ⁸desrpp‘piplplprjsafeltnOrsa
701 2689 891 2768 Cuovurou,
912 2709 975 2776 que
1000 2709 1103 2772 nuper
1130 2689 1262 2753 fuerunt
1290 2688 1420 2752 Ricardi
1444 2691 1697 2757 Williamescote
1719 2711 1774 2774 per

319 2912 426 2976 Abbas
450 2913 492 2976 de
515 2912 636 2976 Bruera
661 2920 755 2976 tenet
781 2919 870 2977 certa
897 2919 999 2978 terrac¹
1024 2919 1273 2978 et-tenementa
1298 2915 1333 2975 in
1361 2913 1650 3000 erssu1on‚que
1672 2934 1776 2999 nuper

277 2999 408 3064 fuerunt
421 2999 582 3066 Johannis
597 2999 789 3064 Mormount
803 3021 859 3086 per
875 3001 1047 3064 servicium
1062 3000 1107 3065 di.
1124 2999 1145 3066 f.
1162 3023 1206 3066 m.

321 3135 434 3202 Comes
457 3137 640 3201 Warrevvici
666 3142 759 3200 tenet
785 3137 977 3201 immediate
1002 3143 1064 3202 etc.
1081 3144 1170 3202 certa
1194 3143 1294 3201 terras
1319 3143 1352 3202 et
1373 3141 1563 3201 tenemento
1577 3139 1610 3202 in
1630 3138 1774 3206 Sarouon

278 3243 352 3289 cum
368 3223 534 3303 membris,
550 3244 614 3310 que
628 3244 733 3309 nuper
748 3225 881 3288 fuerunt
896 3224 1050 3310 Hugonis
1065 3225 1094 3291 le
1109 3224 1317 3310 Despence(r)
1335 3245 1393 3308 per
1409 3227 1583 3288 servicium
1599 3225 1647 3312 iij.
1664 3225 1686 3291 f.
1702 3247 1748 3294 m.

323 3363 437 3428 Comes
464 3364 588 3429 Oxonia
614 3369 706 3428 tenet
731 3364 921 3428 immediate
946 3369 1008 3428 etc.
1033 3372 1122 3428 certa
1148 3371 1248 3427 terras
1272 3371 1304 3426 et
1337 3369 1522 3428 tenemento
1554 3364 1587 3425 in
1617 3363 1776 3430 Cuusmc

280 3451 429 3529 Nomou,
442 3470 506 3535 que
520 3471 626 3534 nuper
638 3449 774 3515 fuerunt
787 3451 918 3515 comitis
932 3451 1121 3516 Arundellic
1146 3473 1204 3535 per
1220 3452 1389 3514 servicium
1416 3451 1439 3536 j.
1455 3448 1478 3515 s.
1495 3470 1539 3514 m.
1557 3452 1614 3535 qui
1629 3461 1676 3514 est
1693 3451 1775 3513 infra

280 3543 403 3602 etatem
419 3539 547 3603 racione
562 3559 628 3622 qna
642 3539 795 3614 dominus
809 3559 865 3602 rex
879 3543 973 3603 tenet
987 3558 1027 3601 ea
1041 3539 1077 3602 in
1092 3539 1243 3602 manibus
1258 3540 1333 3602 ruis.

322 3679 603 3740 ——tenet
631 3678 678 3739 im
686 3675 831 3740 mediate
856 3681 919 3741 etc.
944 3683 1035 3740 certa
1062 3681 1164 3740 terras
1185 3680 1219 3740 et
1236 3681 1425 3740 tenemento
1440 3676 1473 3738 in
1492 3676 1599 3742 Prava
1614 3675 1778 3742 Musssnn

279 3784 341 3848 que
355 3782 460 3847 nuper
472 3763 604 3828 inerunt
621 3763 779 3827 willalmi
793 3763 833 3826 de
849 3761 1032 3848 Cantelupo
1048 3783 1105 3847 per
1121 3762 1295 3828 servicium
1312 3764 1356 3824 di.
1372 3763 1395 3828 s.
1412 3783 1456 3828 m.

322 3901 421 3966 Nulla
433 3901 497 3965 alie
511 3921 645 3985 peram
658 3910 722 3968 etc.
742 3906 790 3981 (aa
805 3900 934 3984 before).

697 4214 919 4281 Hounnanuu
941 4232 985 4278 nn
1007 4211 1368 4280 POUGHDALOWE.

325 4378 503 4464 Inquisicio
531 4380 628 4462 capta
656 4376 744 4460 apud
773 4374 930 4438 Burcetre
958 4375 1110 4438 vicesimo
1141 4375 1243 4438 tercio
1273 4372 1328 4436 die
1352 4373 1434 4436 Maii
1464 4390 1550 4436 anno
1575 4371 1667 4455 regni
1696 4372 1781 4454 regis

280 4465 521 4620 garziones&
533 4468 850 4616 past-conquestum
873 4467 965 4526 serto
988 4481 1096 4526 coram
1118 4460 1257 4524 Ricardo
1279 4459 1423 4544 Pippard
1447 4464 1510 4523 etc.
1531 4463 1579 4536 (aa
1594 4459 1706 4540 before)
1725 4478 1781 4542 per

325 4740 445 4806 Omnes
459 4759 595 4824 persone
610 4740 644 4800 in
660 4739 726 4802 ista
741 4737 958 4820 inquisicione
972 4737 1134 4800 nominati
1150 4741 1212 4800 etc.
1233 4741 1279 4814 (aa
1296 4736 1422 4818 before).

326 4879 486 4944 Dominus
509 4897 564 4940 rex
587 4880 681 4940 tenet
707 4877 889 4938 manerium
913 4874 954 4939 de
978 4875 1121 4940 ervrvsu
1144 4893 1218 4935 cum
1246 4871 1456 4956 pertinenciis
1472 4870 1642 4934 continens
1657 4871 1680 4956 j.
1697 4871 1720 4936 f.
1737 4891 1781 4934 m.

283 4969 411 5030 racione
426 4965 562 5028 minoris
576 4965 676 5028 etatis
690 4961 782 5026 ducis
797 4961 934 5025 Eboraci
950 4963 1005 5024 cni
1031 4961 1154 5024 accidit
1177 4958 1425 5035 hereditarium,
1450 4956 1536 5040 quod
1562 4959 1784 5020 committitur

284 5053 423 5118 Ricardo
446 5050 569 5131 Nevill,
586 5049 700 5127 militi,
714 5069 770 5133 per
790 5049 916 5113 litteras
933 5052 1086 5131 patentes
1102 5047 1227 5111 domini
1244 5047 1332 5130 regis
1347 5046 1389 5109 ad
1403 5043 1664 5128 respondendum
1679 5044 1783 5106 eidem

283 5141 417 5205 domino
431 5140 502 5224 regi
518 5139 559 5202 de
573 5138 715 5202 exitibus
731 5136 876 5223 ejusdem
891 5136 1039 5200 manerii.

327 5276 494 5343 lohannes
508 5274 665 5341 cornvau
682 5280 774 5340 tenet
789 5273 981 5338 immediate
995 5273 1031 5335 in
1048 5272 1213 5335 dominico
1227 5291 1286 5334 suo
1301 5276 1339 5333 ut
1354 5269 1394 5333 de
1409 5268 1504 5331 feodo
1518 5274 1607 5330 certa
1629 5271 1729 5328 terras
1751 5272 1786 5329 et
1856 5331 1858 5336 ,

284 5370 477 5433 tenementa
502 5365 536 5427 in
563 5363 813 5432 ummvswsm
837 5367 872 5424 et
895 5361 1041 5426 Nnvvrou
1069 5359 1237 5436 Poscant,
1264 5358 1303 5420 dc
1328 5377 1392 5442 quc
1406 5357 1587 5437 ignoratur,
1602 5373 1664 5437 que
1679 5372 1783 5436 nuper

284 5455 419 5518 luerunt
433 5451 591 5516 Johannis
606 5449 696 5534 Gray
710 5454 743 5513 et
758 5447 890 5512 Ricardi
907 5446 1064 5510 Cornwall
1081 5467 1138 5533 per
1153 5447 1327 5508 servicium
1343 5443 1387 5508 di.
1404 5441 1427 5506 f.
1445 5461 1491 5504 m.
