4117 6209
959 685 1045 753 al).
1070 688 1165 757 leon.
1743 688 1807 755 809

351 967 513 1036 Johannes
536 972 642 1056 Tylly,
664 973 760 1037 abbas
786 974 898 1039 Sancti
924 977 1103 1061 Augustini
1128 980 1162 1040 et
1183 975 1281 1040 abbas
1306 976 1347 1039 de
1373 974 1494 1041 Bruera
1520 981 1636 1041 tenent
1660 975 1706 1042 di.
1723 975 1746 1040 f.
1771 975 1806 1037 in

306 1056 406 1124 Wnsu
422 1059 603 1126 Hennaeas
618 1062 658 1124 de
671 1061 788 1125 abbate
805 1063 975 1127 Glastonie
993 1065 1046 1129 i.o.

350 1195 493 1258 Thomas
507 1196 548 1260 de
564 1196 708 1280 Gnrnay,
726 1202 880 1282 magister
897 1200 1057 1267 Johannis
1076 1203 1144 1279 (sie)
1169 1198 1238 1288 [de]
1261 1199 1393 1263 Bristoll
1412 1206 1526 1265 tenent
1549 1203 1585 1265 in
1609 1200 1806 1285 sergentiam

307 1281 407 1349 Wnsu
422 1284 603 1349 Hispanae
618 1286 659 1349 de
671 1286 811 1349 Rndulio
826 1288 866 1349 de
885 1285 1007 1350 Burton
1023 1289 1076 1353 i.o.

327 1420 541 1574 tilidnuiidus
557 1420 669 1486 Basseb
683 1429 718 1487 et
732 1423 829 1488 abbas
844 1424 884 1487 de
900 1423 1108 1509 Keynesham
1123 1430 1157 1489 et
1173 1422 1339 1492 Johannes
1354 1424 1384 1488 le
1400 1425 1556 1489 Haueker
1570 1430 1686 1489 tenent
1712 1443 1766 1490 nn.
1784 1424 1806 1489 f.

308 1528 326 1571 e
382 1528 402 1572 ι.
418 1528 452 1582 nn
504 1530 622 1576 aaron.

352 1648 533 1711 lietbertus
548 1649 589 1713 de
604 1650 743 1714 Matisco
758 1655 850 1715 tenet
865 1672 919 1716 un.
936 1652 954 1713 f
975 1654 1009 1715 in
1026 1607 1213 1720 Oaunnaon
1227 1652 1267 1715 de
1282 1649 1400 1715 herede
1414 1649 1590 1715 Alexandri
1606 1650 1734 1718 Dauno.

308 1788 545 1939 Bhildmundns
563 1788 673 1853 Basset
688 1796 721 1853 ab
736 1790 890 1854 Muriella
905 1790 1052 1879 Pastorel
1067 1796 1181 1853 tenent
1198 1811 1254 1853 un.
1272 1789 1294 1854 f.
1316 1790 1351 1851 iu
1375 1788 1564 1854 Lnnnnuon
1591 1788 1632 1851 de
1655 1790 1808 1873 episeopo

337 1896 356 1939 a
395 1896 532 1943 oniensi.

350 2016 455 2079 Adam
471 2018 511 2081 de
526 2018 557 2081 la
573 2019 663 2083 More
678 2024 769 2083 tenet
786 2020 830 2084 di.
849 2021 870 2083 f.
887 2020 920 2082 in
938 2020 1122 2086 Hanauaun
1137 2020 1176 2082 de
1191 2017 1364 2082 heredibus
1381 2016 1540 2084 Johannis
1555 2017 1585 2079 le
1601 2016 1727 2082 Sosio.

351 2154 514 2223 iohannes
537 2158 577 2221 de
602 2158 746 2222 Ghiwton
770 2164 862 2223 tenet
884 2160 928 2224 di.
951 2158 974 2223 f.
998 2159 1035 2220 in
1060 2157 1172 2225 Souna
1195 2158 1351 2223 Eaasnon
1376 2157 1503 2235 (rectius
1528 2153 1745 2231 Suomasnou)
1768 2154 1808 2216 de

308 2244 456 2310 Johanne
471 2246 512 2307 de
527 2245 681 2329 Wylyton
697 2247 750 2311 i.o.

308 2381 505 2532 DRiotardus
534 2383 575 2480 de
605 2380 822 2467 Emmebergh
853 2386 945 2446 tenet
969 2382 1014 2447 di.
1041 2382 1064 2446 f.
1093 2382 1128 2443 in
1152 2382 1372 2447 Enuaaaaon
1397 2379 1437 2443 de
1467 2375 1587 2442 herede
1617 2377 1742 2440 'l'home
1768 2376 1809 2439 de

338 2489 401 2552 oyn
419 2490 471 2532 on.

352 2606 515 2669 Johannes
530 2606 571 2669 de
589 2606 712 2670 Bubton
728 2614 818 2671 tenet
834 2608 878 2672 di.
895 2607 917 2671 f.
933 2607 967 2669 in
984 2607 1116 2675 Omana
1131 2606 1287 2673 (Johnson
1303 2604 1344 2668 de
1359 2603 1499 2666 Radulfo
1515 2603 1555 2666 de
1572 2600 1704 2689 Storbon
1718 2604 1771 2667 i.o.

351 2740 491 2807 Thomas
527 2744 568 2806 de
606 2746 725 2810 Sanoto
767 2748 880 2832 Vigore
913 2753 1004 2812 tenet
1036 2749 1082 2813 di.
1115 2747 1138 2813 f.
1170 2748 1205 2809 in
1239 2746 1370 2814 canos
1400 2745 1555 2813 Counuou
1588 2744 1628 2807 de
1660 2746 1810 2831 episeopo

309 2828 524 2893 Sarishureusi
540 2833 593 2898 i.o.

353 2968 548 3034 Humiridus
571 2973 612 3036 de
636 2972 795 3037 Dunsterr
819 2980 852 3037 et·
867 2974 1017 3055 Cristina,
1035 2995 1114 3038 uxor
1128 2975 1212 3060 ejus,
1227 2977 1344 3036 tenent
1358 2980 1506 3058 quartam
1520 2979 1647 3055 partem
1664 2992 1718 3034 nn.
1734 2970 1758 3036 f.
1774 2971 1809 3033 in

308 3055 447 3124 Msooan
461 3060 502 3122 de
517 3061 636 3123 comite
652 3060 841 3124 Herefordie
856 3063 909 3127 ic.

808 3276 1044 3415 [Huunannuu
1066 3326 1125 3413 nn]
1154 3328 1322 3393 FROME.

310 3463 527 3615 FNieholaus
552 3464 719 3529 Braunohe
747 3472 838 3531 tenet
862 3467 901 3531 de
926 3468 1058 3531 domino
1084 3486 1159 3549 rege
1186 3466 1238 3529 i.o.
1262 3484 1318 3529 un.
1335 3464 1357 3527 f.
1385 3463 1419 3526 in
1447 3463 1578 3538 Faouu,
1605 3460 1810 3544 anunonn,
1860 3440 1865 3448 ⁶

340 3572 454 3616 nasu.

352 3689 514 3752 Henrious
529 3691 569 3753 de
585 3690 757 3754 Merlaund
772 3690 862 3755 tenes
877 3690 922 3755 di.
939 3690 961 3755 f.
978 3690 1019 3753 de
1034 3687 1166 3751 domino
1181 3710 1255 3774 rege
1270 3689 1323 3753 io.
1340 3689 1375 3749 in
1391 3687 1652 3755 Oacnannnnou.

352 3822 516 3888 Johannes
532 3824 658 3889 Gifford
674 3830 765 3891 tenet
780 3848 835 3891 un.
852 3828 875 3891 f.
892 3827 926 3887 in
942 3826 1082 3892 Renoua
1098 3825 1138 3889 de
1154 3825 1295 3889 Hearioo
1311 3826 1351 3887 de
1367 3824 1553 3886 Lanoastre.

352 3962 510 4025 Rioardus
525 3960 638 4046 Bygod
652 3968 745 4027 benet
759 3964 803 4028 di.
820 3962 842 4029 f.
859 3964 893 4027 in
910 3962 1071 4029 Muasuou
1087 3963 1129 4027 de
1143 3962 1284 4025 dominis
1299 3961 1340 4026 de
1354 3960 1557 4030 Wondestre.

351 4096 516 4162 Johannes
541 4099 582 4163 de
608 4099 722 4177 Meles,
749 4099 835 4163 Eode
851 4099 891 4163 de
906 4099 1023 4178 hoton,
1040 4098 1172 4163 heredes
1187 4096 1376 4163 Elisabethe
1391 4097 1433 4161 de
1449 4096 1614 4173 Olivedou
1629 4099 1665 4159 et
1678 4093 1811 4189 heredes

309 4183 442 4249 Roberu
456 4185 498 4249 de
514 4184 694 4272 Berkelegh
710 4191 826 4250 tenent
841 4208 896 4254 nn.
913 4188 936 4251 f.
951 4187 986 4249 in
1002 4186 1224 4253 Wounusuan.

351 4318 521 4383 Galiridus
546 4320 586 4382 de
610 4318 724 4383 Monte
753 4320 843 4384 Forti
870 4326 903 4385 et
927 4320 1086 4384 Ricardns
1103 4319 1321 4403 Emmebergh
1337 4323 1454 4383 tenent
1470 4317 1538 4404 viij.
1554 4325 1682 4403 parbem
1696 4316 1721 4402 j.
1736 4319 1758 4387 f.
1774 4320 1810 4382 in

309 4406 404 4473 Noun
418 4406 459 4469 de
475 4406 616 4470 Henrioo
631 4408 672 4471 de
690 4408 803 4471 Monte
821 4408 923 4473 Forti.

354 4542 527 4609 Nioholsus
543 4544 583 4607 de
599 4544 630 4609 la
645 4544 737 4610 Mare
752 4550 842 4609 tenet
858 4546 901 4612 di.
918 4545 942 4610 i.
958 4546 992 4607 in
1008 4545 1156 4628 predicta
1172 4543 1249 4606 vida
1264 4544 1303 4606 de
1318 4542 1483 4610 Willelmo
1498 4541 1599 4609 coel.

350 4680 498 4745 Johanna
513 4679 629 4745 Oorhet
645 4685 738 4744 benet
754 4700 810 4745 un.
827 4681 849 4742 i.
866 4680 899 4743 in
915 4680 1135 4747 Wnaunnnon
1150 4679 1191 4742 de
1206 4678 1323 4741 abbate
1339 4678 1381 4741 de
1396 4678 1577 4745 Glastonia.

352 4820 506 4884 Osberbus
524 4820 649 4885 Giffard
665 4826 759 4885 tenet
773 4839 828 4885 nn.
845 4821 868 4885 f.
884 4820 919 4883 in
936 4820 1035 4883 Eunu
1049 4820 1091 4882 ds
1108 4817 1228 4883 herede
1243 4815 1404 4881 Johannis
1421 4816 1566 4901 Gyffard.

309 4957 513 5107 L·J⁰him·ne⁸
537 4958 684 5041 Wasprei
714 4962 806 5021 tenet
836 4964 984 5042 quartam
1015 4960 1143 5039 partem
1174 4975 1229 5019 un.
1255 4955 1278 5020 f.
1310 4955 1346 5017 in
1370 4956 1596 5023 Lunnnnonou
1623 4956 1664 5020 de
1690 4959 1811 5021 oomite

337 5065 409 5109 ineo
423 5066 487 5111 nie.

350 5179 510 5245 Robertus
524 5180 565 5245 ds
581 5180 685 5245 Panes
700 5184 794 5244 tenet
809 5199 864 5244 un.
882 5180 904 5244 f.
919 5180 955 5243 in
972 5180 1149 5247 Lavnauou
1164 5180 1206 5243 de
1220 5181 1340 5245 comite
1356 5179 1557 5247 Maresoallo.

309 5315 514 5470 GrlJohantnies
538 5320 579 5383 de
601 5319 729 5401 Tornay
755 5323 848 5382 tenet
871 5319 916 5383 di.
933 5316 957 5382 f.
981 5319 1016 5380 in
1041 5318 1291 5385 Wonsamouoa
1317 5323 1352 5381 et
1376 5320 1412 5380 in
1436 5320 1593 5385 Lmnaon
1623 5319 1664 5381 de
1693 5317 1813 5380 comite

352 5426 445 5470 ouoes
490 5426 519 5473 a.

349 5540 527 5607 Nioholaus
542 5542 583 5607 de
598 5541 733 5626 Seymor
748 5550 839 5608 tenet
855 5564 909 5606 un.
926 5543 948 5607 f.
964 5543 999 5606 in
1014 5563 1056 5609 na
1070 5542 1167 5609 Ronn
1182 5544 1223 5607 de
1239 5542 1405 5613 Willalmo
1420 5541 1547 5607 Russel.
