4117 6209
936 669 1019 738 Ab.
1046 674 1140 736 14³1.
1720 676 1784 740 269

321 954 466 1034 isabella,
493 975 595 1037 nuper
625 975 704 1019 uror
732 955 886 1019 Fulconis
911 955 1112 1038 Penbrngge,
1142 953 1295 1030 chivaler,
1322 955 1362 1018 de
1389 952 1530 1018 Twilord
1557 957 1591 1018 in
1620 957 1780 1018 comitatu

279 1042 457 1121 Heriordie,
479 1044 621 1121 wedene,
649 1050 684 1107 et
708 1042 871 1106 lohannes
896 1042 1119 1125 Wynnesbnry
1144 1043 1183 1104 de
1208 1041 1360 1125 Glaseley
1387 1044 1422 1105 in
1451 1043 1613 1105 comitatu
1638 1041 1778 1126 Salopie,

277 1131 427 1214 armiger,
444 1136 561 1194 tenent
587 1137 674 1194 certa
701 1135 802 1194 terras
824 1135 858 1193 et
881 1135 1072 1192 tenementa
1096 1131 1129 1192 in
1156 1129 1270 1195 Tenen
1295 1135 1329 1192 et
1354 1129 1511 1196 Donrrou
1534 1150 1589 1213 per
1606 1131 1778 1193 servicium

274 1216 301 1298 j.
320 1217 342 1280 f.
361 1238 404 1282 m.
421 1217 461 1280 de
477 1237 541 1299 quo
557 1219 717 1302 ignorant,
735 1225 770 1280 et
786 1217 891 1280 valent
908 1222 969 1282 etc.
985 1218 1058 1281 nli.

318 1352 494 1432 Johannes,
511 1353 660 1416 dominus
675 1353 802 1430 Talbot,
816 1352 964 1430 chivaler,
980 1359 1012 1414 et
1028 1352 1190 1418 Walterus
1205 1351 1349 1435 Gokesay
1365 1352 1403 1414 de
1419 1352 1579 1416 comitatu
1594 1352 1779 1436 Wygornie‚

278 1439 428 1516 chivaler,
444 1446 557 1504 tenent
583 1442 762 1503 manerium
786 1439 826 1503 de
842 1440 1010 1505 Innsnsnn
1033 1460 1108 1502 cum
1132 1439 1285 1502 membris
1310 1459 1366 1523 per
1393 1440 1565 1502 servicium
1591 1440 1615 1526 j.
1631 1443 1654 1504 f.
1672 1460 1717 1504 m.
1743 1446 1775 1502 et

276 1528 463 1591 medietatis
474 1527 501 1611 j.
519 1527 542 1592 f.
560 1548 605 1593 m.
623 1527 663 1590 de
678 1548 742 1614 quc
757 1530 921 1612 ignorant,
935 1532 968 1590 et
983 1527 1071 1590 valet
1086 1533 1149 1591 etc.
1166 1528 1259 1592 ssd.

319 1665 392 1728 Dux
423 1663 636 1742 Northiolcie,
664 1662 814 1728 Johanna
845 1663 1064 1747 Beauchamp,
1096 1663 1228 1726 domina
1265 1663 1305 1726 de
1336 1661 1556 1747 Bergevenny,
1588 1662 1776 1726 Roulondus

278 1751 456 1834 Leynthale
485 1753 526 1814 de
556 1751 722 1833 Hamptcn
752 1753 785 1814 in
813 1753 972 1814 comitatu
1000 1751 1184 1826 Herfcrdie,
1210 1747 1359 1828 chivaler,
1384 1755 1497 1813 tenent
1528 1753 1708 1814 manerium
1735 1751 1774 1813 de

276 1838 482 1905 Knusnnrou
499 1860 556 1923 per
571 1841 741 1902 servicium
758 1839 946 1902 medietatis
957 1838 983 1922 j.
999 1838 1022 1902 f.
1039 1859 1084 1903 m.
1100 1839 1138 1900 de
1153 1858 1217 1920 quo
1232 1838 1394 1922 ignorant,
1409 1843 1444 1901 et
1460 1838 1545 1900 valet
1559 1842 1622 1903 etc.
1639 1859 1700 1903 ce.

317 1975 473 2038 Ricardus
489 1973 610 2037 Archer
625 1975 664 2038 de
679 1975 839 2038 Erceleve
853 1975 888 2036 in
904 1976 1062 2037 comitatu
1081 1972 1221 2056 Salopie,
1238 1975 1388 2056 armiger,
1410 1977 1499 2036 tenet
1523 1976 1706 2038 manerium
1732 1974 1773 2039 de

274 2063 427 2214 ἒίρκχιὲκίγ
439 2059 503 2215 ppt]
512 2062 677 2128 Hnnsorrn
689 2083 764 2126 cum
776 2061 929 2124 membris
946 2081 1002 2144 per
1013 2062 1181 2124 servicium
1193 2060 1242 2146 iij.
1253 2060 1276 2126 f.
1289 2081 1334 2126 m.
1346 2061 1387 2123 de
1397 2081 1462 2142 quc
1471 2061 1678 2146 ignorant,et
1689 2063 1776 2126 valet

317 2171 441 2340 Jccosla,
457 2283 559 2346 nuper
583 2283 661 2326 uxor
683 2260 841 2323 Johannis
867 2258 1011 2322 Gatalrre
1038 2258 1077 2322 de
1104 2258 1250 2322 Gatalrre
1264 2260 1296 2320 in
1314 2260 1427 2322 eodem
1442 2261 1612 2338 comitatu,
1628 2263 1774 2338 wedene,

273 2349 562 2502 {pnpglppaerppripnp
578 2351 616 2413 de
629 2348 784 2416 Gsnsnns
796 2349 837 2410 de
852 2349 984 2411 domino
1001 2348 1031 2410 la
1047 2345 1176 2410 chvche
1194 2368 1250 2429 per
1261 2348 1435 2409 servicium
1450 2348 1640 2411 medietatis
1653 2349 1677 2435 j
1690 2349 1713 2413 f.
1727 2370 1772 2414 m.

317 2547 403 2612 Item
428 2550 542 2612 dicunt
572 2549 658 2633 quod
681 2567 745 2609 nnn
770 2553 847 2610 sunt
872 2546 976 2628 plnres
1002 2545 1089 2608 infra
1116 2545 1244 2608 dictum
1270 2545 1476 2608 hundredum
1501 2547 1560 2629 qui
1582 2550 1695 2611 tenent
1718 2568 1774 2611 seu

273 2641 428 2698 tenerent
445 2639 515 2714 (sic)
533 2636 587 2699 die
602 2635 737 2698 Veneris
753 2634 899 2716 proxima
914 2639 990 2697 ante
1006 2635 1125 2696 festum
1150 2631 1262 2696 Sancti
1278 2633 1411 2696 Hillerii
1436 2634 1554 2697 ultimo
1579 2636 1774 2717 preteritum

271 2723 382 2806 aliqua
404 2728 505 2786 terras
531 2743 586 2787 seu
613 2728 803 2785 tenementa
829 2741 886 2803 per
912 2721 1086 2784 servicium
1112 2720 1137 2806 j.
1163 2720 1186 2786 i.
1213 2741 1259 2786 m.
1287 2722 1407 2804 integri
1431 2742 1492 2784 nec
1519 2721 1645 2785 decime
1672 2725 1774 2806 partis

270 2810 295 2894 j.
313 2810 334 2876 l.
350 2831 395 2876 m.
413 2830 473 2874 nec
488 2810 572 2873 infra
587 2811 747 2872 decimam
763 2817 888 2891 partem
903 2809 927 2894 j.
945 2808 968 2872 f.
984 2829 1029 2874 m.

314 2947 386 3011 Non
416 2953 466 3010 est
493 2946 611 3030 aliquis
637 2946 722 3010 infra
748 2947 873 3009 dictum
901 2944 1108 3008 hundredum
1134 2945 1191 3028 qui
1218 2950 1308 3008 tenet
1332 2965 1389 3008 seu
1414 2947 1524 3009 tenuit
1549 2946 1695 3029 predicta
1720 2946 1773 3010 die

270 3035 405 3098 Veneris
421 3036 529 3118 aliqua
545 3045 646 3098 terras
662 3054 716 3096 seu
732 3039 918 3097 tenementa
933 3034 968 3095 in
984 3034 1113 3116 socagio
1128 3052 1186 3093 nec
1201 3031 1310 3115 aliquo
1332 3033 1396 3094 alio
1418 3033 1513 3095 modo
1535 3034 1575 3095 ad
1591 3033 1772 3098 valenciam

272 3124 365 3188 xnli.
381 3141 440 3206 per
466 3141 589 3184 annum
613 3122 701 3184 ultra
727 3125 877 3204 reprisas,
893 3140 953 3183 nec
969 3121 1010 3183 ad
1026 3119 1205 3183 valenciam
1232 3124 1348 3205 quarte
1372 3121 1475 3202 partis
1501 3121 1596 3187 ruli.
1613 3141 1671 3184 nec
1688 3122 1773 3184 intra

269 3215 420 3294 quartam
434 3215 562 3292 partem
577 3228 627 3274 xx.
635 3209 669 3273 li.

313 3345 385 3409 Non
414 3352 464 3409 est
489 3347 609 3428 aliquis
635 3345 721 3408 infra
744 3346 871 3409 dictum
898 3343 1104 3406 hundredum
1129 3343 1186 3425 qui
1210 3340 1310 3404 habet
1337 3363 1394 3406 seu
1417 3340 1532 3405 habuit
1555 3342 1702 3425 predicto
1717 3346 1771 3408 die

270 3433 406 3497 Veneris
432 3433 575 3517 aliquem
602 3432 765 3496 redditum
793 3433 914 3495 siecum
941 3450 1001 3493 nec
1017 3430 1182 3493 redditum
1198 3449 1331 3492 onerum
1348 3431 1390 3492 ad
1405 3431 1585 3493 valenciam
1601 3451 1652 3496 rx.
1663 3432 1698 3496 li.
1716 3452 1772 3514 per

269 3541 391 3584 annum
407 3541 466 3584 nec
481 3521 521 3582 ad
536 3521 715 3583 valenciam
731 3527 844 3604 quarte
859 3519 963 3602 partis
978 3538 1029 3582 rx.
1041 3518 1076 3582 ii.
1092 3537 1153 3580 nec
1167 3516 1253 3579 infra
1268 3522 1417 3599 quartam
1433 3524 1558 3600 partem
1573 3537 1624 3583 rx.
1635 3519 1670 3583 li.

314 3659 436 3722 Omnes
454 3663 550 3722 terre
581 3662 615 3720 et
644 3664 830 3720 tenementa
857 3676 919 3740 que
943 3675 1076 3738 persone
1103 3653 1289 3736 spirituales
1315 3652 1437 3717 habent
1463 3674 1519 3717 seu
1545 3660 1660 3719 tenent
1687 3655 1771 3718 infra

270 3745 395 3808 dictum
431 3743 637 3808 hundredum
675 3751 751 3806 sunt
788 3751 822 3806 et
851 3745 986 3806 fuerunt
1015 3745 1205 3805 amortisata
1233 3746 1267 3804 et
1296 3743 1505 3824 appropriata
1535 3752 1611 3806 ante
1646 3762 1770 3805 annum

269 3833 458 3895 vicesimum
473 3833 597 3895 domini
613 3831 760 3894 Edwardi
777 3851 881 3914 nuper
896 3832 980 3914 regis
996 3828 1115 3914 Anglie
1131 3828 1239 3912 primi.

312 3968 385 4033 Non
409 3974 459 4032 est
485 3968 603 4052 aliquis
627 3968 712 4031 infra
735 3969 862 4031 dictum
888 3965 1092 4029 hundredum
1124 3965 1188 4050 qui'
1204 3969 1295 4029 tenet
1323 3985 1379 4029 seu
1403 3967 1512 4028 tenuit
1544 3966 1692 4050 predicto
1714 3967 1769 4030 die

268 4057 403 4120 Veneris
432 4055 541 4140 aliqua
568 4062 671 4118 terras
700 4076 756 4118 sen
787 4060 973 4117 tenementa
1003 4053 1043 4114 ad
1074 4072 1168 4115 usum
1198 4058 1234 4115 et
1262 4054 1434 4116 comodum
1464 4055 1603 4139 alicujus
1631 4074 1766 4137 persone

268 4143 448 4228 spiritualis
463 4164 519 4226 per
534 4144 706 4206 servicium
723 4143 867 4205 militare
882 4162 940 4204 nec
956 4141 1065 4223 aliquo
1081 4139 1146 4202 alio
1165 4140 1260 4202 ruodo
1283 4160 1344 4203 nec
1367 4141 1534 4204 redditum
1561 4143 1681 4205 siccum
1707 4162 1767 4205 nec

268 4231 432 4295 redditum
456 4251 590 4294 onerum
616 4231 656 4292 ad
673 4231 849 4293 valenciam
866 4249 916 4294 xx.
928 4229 963 4293 li.
980 4248 1037 4311 per
1062 4247 1182 4290 annum
1211 4247 1269 4289 nec
1283 4228 1323 4289 ad
1341 4228 1519 4290 valenciam
1534 4235 1649 4310 quarte
1665 4231 1766 4312 partis

267 4339 318 4384 xx.
330 4319 364 4384 li.
380 4337 574 4400 perannum
590 4337 651 4381 nec
666 4318 750 4380 infra
766 4329 916 4401 quartam
932 4327 1061 4398 partem
1078 4335 1129 4380 xx.
1140 4314 1175 4379 ii.

311 4455 348 4518 ln
364 4454 458 4541 cujus
472 4455 521 4517 rei
536 4455 761 4518 testimonium
778 4460 841 4518 etc.

756 4641 920 4707 Lrsssrss
943 4661 1042 4708 vrnns
1068 4641 1269 4709 SALOPIE.

310 4778 486 4863 Inquisicio
501 4779 662 4841 libertatis
677 4779 753 4842 ville
780 4778 908 4862 Salcpie
934 4787 1029 4862 capta
1053 4781 1140 4863 apud
1166 4779 1331 4863 Salopiam
1355 4780 1409 4843 die
1434 4781 1591 4844 Mercurii
1616 4783 1763 4865 proxima

264 4876 342 4929 ante
352 4870 469 4930 testum
482 4865 594 4930 Sancti
603 4865 750 4944 Martini,
763 4867 917 4951 episcopi,
928 4887 1012 4930 anno
1023 4868 1115 4950 regni
1131 4869 1214 4950 regis
1223 4867 1356 4932 Henriei
1370 4870 1452 4930 sexti
1467 4875 1543 4950 post
1552 4877 1762 4954 conquestum

264 4953 383 5035 Anglie
406 4953 532 5017 decimo
558 4972 665 5016 coram
692 4953 838 5017 Johanne
865 4954 976 5038 Bruyn
1001 4965 1064 5017 etc.
1084 4961 1130 5034 (as
1146 4955 1273 5037 before),
1290 4974 1346 5037 per
1367 4961 1607 5018 sacramentum
1635 4957 1763 5019 Ricardi

264 5039 415 5123 Bentley,
443 5042 566 5104 Thome
592 5041 744 5122 Thomes,
771 5041 927 5105 Johannis
954 5041 1065 5126 Parys,
1093 5040 1252 5105 Johannis
1281 5041 1410 5121 Glover,
1439 5041 1598 5105 Johannis
1628 5042 1764 5120 Mittcn,

266 5127 401 5192 Walteri
431 5127 530 5211 Pury,
559 5126 721 5191 Johannis
751 5129 901 5204 Gannell,
928 5128 1078 5192 Nicholai
1105 5128 1256 5206 Shetton,
1282 5127 1440 5192 Johannis
1464 5130 1615 5206 Shetton,
1639 5130 1762 5192 Thome

264 5213 407 5292 Pariter,
421 5215 537 5278 Uriani
553 5215 726 5298 Seintpier,
741 5223 777 5278 et
792 5217 812 5278 J
814 5215 948 5280 ohannis
964 5216 1079 5299 Beget,
1095 5218 1153 5299 qui
1167 5217 1282 5279 dicunt
1297 5217 1380 5300 qnod
1392 5238 1445 5278 :-

307 5382 501 5462 Willelmus,
515 5385 668 5447 dominns
683 5383 714 5446 la
730 5382 868 5462 Souche,
885 5385 923 5447 de
940 5382 1211 5467 Haryngeworth,
1225 5389 1320 5445 tenet
1335 5384 1551 5446 medietatem
1572 5385 1708 5445 manerii
1723 5384 1763 5446 de

264 5469 385 5536 Mscm
400 5471 511 5538 Enseu
525 5472 610 5534 infra
627 5471 812 5535 libertatem
828 5473 915 5533 dicte
931 5470 1007 5532 ville
1024 5492 1081 5552 per
1097 5471 1271 5534 servicium
1287 5472 1473 5533 medietatis
1487 5471 1511 5556 j
1527 5469 1550 5535 i.
1568 5491 1613 5535 m.
