<?xml version="1.0" encoding="UTF-8"?>
<!DOCTYPE html PUBLIC "-//W3C//DTD XHTML 1.0 Transitional//EN"
    "http://www.w3.org/TR/xhtml1/DTD/xhtml1-transitional.dtd">
<html xmlns="http://www.w3.org/1999/xhtml" xml:lang="en" lang="en">
 <head>
  <title>
</title>
<meta http-equiv="Content-Type" content="text/html;charset=utf-8" />
  <meta name='ocr-system' content='tesseract 3.04.00' />
  <meta name='ocr-capabilities' content='ocr_page ocr_carea ocr_par ocr_line ocrx_word'/>
</head>
<body>
  <div class='ocr_page' id='page_1' title='image "./inquisitionsand02offigoog_0149.png"; bbox 0 0 4117 6209; ppageno 0'>
   <div class='ocr_carea' id='block_1_1' title="bbox 909 702 1758 771">
    <p class='ocr_par' dir='ltr' id='par_1_1' title="bbox 909 702 1758 771">
     <span class='ocr_line' id='line_1_1' title="bbox 909 702 1758 771; baseline 0 -3"><span class='ocrx_word' id='word_1_1' title='bbox 909 702 992 771; x_wconf 63' lang='lat' dir='ltr'>Ar).</span> <span class='ocrx_word' id='word_1_2' title='bbox 1020 703 1114 770; x_wconf 77' lang='lat'>1428.</span> <span class='ocrx_word' id='word_1_3' title='bbox 1697 705 1758 768; x_wconf 80' lang='lat'>133</span> 
     </span>
    </p>
   </div>
   <div class='ocr_carea' id='block_1_2' title="bbox 255 986 1759 1164">
    <p class='ocr_par' dir='ltr' id='par_1_2' title="bbox 255 986 1759 1164">
     <span class='ocr_line' id='line_1_2' title="bbox 296 986 1759 1081; baseline -0.003 -30"><span class='ocrx_word' id='word_1_4' title='bbox 296 989 346 1052; x_wconf 90' lang='lat' dir='ltr'>De</span> <span class='ocrx_word' id='word_1_5' title='bbox 369 989 518 1056; x_wconf 88' lang='lat' dir='ltr'>Johanne</span> <span class='ocrx_word' id='word_1_6' title='bbox 542 991 691 1077; x_wconf 90' lang='lat' dir='ltr'>Outhorp</span> <span class='ocrx_word' id='word_1_7' title='bbox 717 1013 775 1076; x_wconf 91' lang='lat' dir='ltr'>pro</span> <span class='ocrx_word' id='word_1_8' title='bbox 798 995 901 1058; x_wconf 86' lang='lat' dir='ltr'>tribus</span> <span class='ocrx_word' id='word_1_9' title='bbox 925 993 1071 1078; x_wconf 84' lang='lat' dir='ltr'>partibus</span> <span class='ocrx_word' id='word_1_10' title='bbox 1097 995 1122 1081; x_wconf 84' lang='lat' dir='ltr'>j.</span> <span class='ocrx_word' id='word_1_11' title='bbox 1140 993 1162 1059; x_wconf 86' lang='lat' dir='ltr'>f.</span> <span class='ocrx_word' id='word_1_12' title='bbox 1187 994 1223 1057; x_wconf 90' lang='lat' dir='ltr'>in</span> <span class='ocrx_word' id='word_1_13' title='bbox 1250 993 1418 1072; x_wconf 74' lang='lat' dir='ltr'>Onrsone,</span> <span class='ocrx_word' id='word_1_14' title='bbox 1440 992 1526 1074; x_wconf 90' lang='lat' dir='ltr'>quod</span> <span class='ocrx_word' id='word_1_15' title='bbox 1540 989 1705 1053; x_wconf 84' lang='lat' dir='ltr'>Johonnes</span> <span class='ocrx_word' id='word_1_16' title='bbox 1720 986 1759 1048; x_wconf 89' lang='lat' dir='ltr'>de</span> 
     </span>
     <span class='ocr_line' id='line_1_3' title="bbox 255 1076 1757 1164; baseline -0.003 -23"><span class='ocrx_word' id='word_1_17' title='bbox 255 1076 412 1162; x_wconf 86' lang='lat' dir='ltr'>Outhorp‚</span> <span class='ocrx_word' id='word_1_18' title='bbox 426 1085 610 1144; x_wconf 72' lang='lat' dir='ltr'><strong>antecessor</strong></span> <span class='ocrx_word' id='word_1_19' title='bbox 626 1101 713 1161; x_wconf 88' lang='lat' dir='ltr'>suus,</span> <span class='ocrx_word' id='word_1_20' title='bbox 728 1083 892 1164; x_wconf 87' lang='lat' dir='ltr'>quondam</span> <span class='ocrx_word' id='word_1_21' title='bbox 907 1083 1016 1146; x_wconf 84' lang='lat' dir='ltr'>tenuit</span> <span class='ocrx_word' id='word_1_22' title='bbox 1084 1117 1604 1132; x_wconf 92' lang='lat'>------</span> <span class='ocrx_word' id='word_1_23' title='bbox 1693 1095 1722 1137; x_wconf 88' lang='lat' dir='ltr'>v.</span> <span class='ocrx_word' id='word_1_24' title='bbox 1731 1095 1757 1137; x_wconf 81' lang='lat' dir='ltr'>e.</span> 
     </span>
    </p>
   </div>
   <div class='ocr_carea' id='block_1_3' title="bbox 254 1210 1759 1387">
    <p class='ocr_par' dir='ltr' id='par_1_3' title="bbox 254 1210 1759 1387">
     <span class='ocr_line' id='line_1_4' title="bbox 296 1210 1759 1304; baseline -0.004 -28"><span class='ocrx_word' id='word_1_25' title='bbox 296 1214 345 1277; x_wconf 90' lang='lat' dir='ltr'>De</span> <span class='ocrx_word' id='word_1_26' title='bbox 360 1215 478 1279; x_wconf 79' lang='lat' dir='ltr'>abbate</span> <span class='ocrx_word' id='word_1_27' title='bbox 495 1216 535 1279; x_wconf 88' lang='lat' dir='ltr'>de</span> <span class='ocrx_word' id='word_1_28' title='bbox 551 1217 717 1282; x_wconf 85' lang='lat' dir='ltr'>Newbowe</span> <span class='ocrx_word' id='word_1_29' title='bbox 733 1239 791 1301; x_wconf 90' lang='lat' dir='ltr'>pro</span> <span class='ocrx_word' id='word_1_30' title='bbox 806 1218 881 1303; x_wconf 71' lang='lat' dir='ltr'>iiij‘·</span> <span class='ocrx_word' id='word_1_31' title='bbox 903 1224 993 1301; x_wconf 91' lang='lat' dir='ltr'>parte</span> <span class='ocrx_word' id='word_1_32' title='bbox 1006 1218 1031 1304; x_wconf 88' lang='lat' dir='ltr'>j.</span> <span class='ocrx_word' id='word_1_33' title='bbox 1047 1217 1070 1282; x_wconf 86' lang='lat' dir='ltr'>f.</span> <span class='ocrx_word' id='word_1_34' title='bbox 1087 1220 1122 1280; x_wconf 90' lang='lat' dir='ltr'>in</span> <span class='ocrx_word' id='word_1_35' title='bbox 1139 1219 1329 1294; x_wconf 70' lang='lat' dir='ltr'>Krisvnrori,</span> <span class='ocrx_word' id='word_1_36' title='bbox 1346 1237 1443 1299; x_wconf 86' lang='lat' dir='ltr'>quem</span> <span class='ocrx_word' id='word_1_37' title='bbox 1460 1214 1694 1297; x_wconf 78' lang='lat' dir='ltr'>predecessores</span> <span class='ocrx_word' id='word_1_38' title='bbox 1709 1210 1759 1271; x_wconf 90' lang='lat' dir='ltr'>sui</span> 
     </span>
     <span class='ocr_line' id='line_1_5' title="bbox 254 1297 1758 1387; baseline -0.003 -23"><span class='ocrx_word' id='word_1_39' title='bbox 254 1303 415 1385; x_wconf 82' lang='lat' dir='ltr'>quondam</span> <span class='ocrx_word' id='word_1_40' title='bbox 430 1308 605 1368; x_wconf 88' lang='lat' dir='ltr'>tenuerunt</span> <span class='ocrx_word' id='word_1_41' title='bbox 630 1345 1251 1356; x_wconf 91' lang='grc'><strong>-------</strong></span> <span class='ocrx_word' id='word_1_42' title='bbox 1340 1301 1440 1366; x_wconf 81' lang='lat' dir='ltr'>nichil</span> <span class='ocrx_word' id='word_1_43' title='bbox 1456 1303 1532 1387; x_wconf 86' lang='lat' dir='ltr'>quie</span> <span class='ocrx_word' id='word_1_44' title='bbox 1547 1297 1758 1364; x_wconf 86' lang='lat' dir='ltr'>decimabilis.</span> 
     </span>
    </p>
   </div>
   <div class='ocr_carea' id='block_1_4' title="bbox 256 1445 1759 1622">
    <p class='ocr_par' dir='ltr' id='par_1_4' title="bbox 256 1445 1759 1622">
     <span class='ocr_line' id='line_1_6' title="bbox 302 1445 1759 1542; baseline -0.004 -28"><span class='ocrx_word' id='word_1_45' title='bbox 302 1451 346 1515; x_wconf 80' lang='lat' dir='ltr'>lle</span> <span class='ocrx_word' id='word_1_46' title='bbox 359 1451 476 1516; x_wconf 78' lang='lat' dir='ltr'>ebbnte</span> <span class='ocrx_word' id='word_1_47' title='bbox 492 1452 532 1517; x_wconf 90' lang='lat' dir='ltr'>de</span> <span class='ocrx_word' id='word_1_48' title='bbox 547 1453 682 1518; x_wconf 87' lang='lat' dir='ltr'>Welbek</span> <span class='ocrx_word' id='word_1_49' title='bbox 698 1474 756 1538; x_wconf 92' lang='lat' dir='ltr'>pro</span> <span class='ocrx_word' id='word_1_50' title='bbox 771 1455 846 1542; x_wconf 80' lang='lat' dir='ltr'>iiij‘·</span> <span class='ocrx_word' id='word_1_51' title='bbox 867 1461 957 1539; x_wconf 84' lang='lat' dir='ltr'>parte</span> <span class='ocrx_word' id='word_1_52' title='bbox 976 1454 1005 1538; x_wconf 89' lang='lat' dir='ltr'>j.</span> <span class='ocrx_word' id='word_1_53' title='bbox 1023 1453 1046 1518; x_wconf 86' lang='lat' dir='ltr'>f.</span> <span class='ocrx_word' id='word_1_54' title='bbox 1068 1456 1103 1517; x_wconf 89' lang='lat' dir='ltr'>in</span> <span class='ocrx_word' id='word_1_55' title='bbox 1119 1456 1310 1533; x_wconf 55' lang='lat' dir='ltr'>denverois,</span> <span class='ocrx_word' id='word_1_56' title='bbox 1326 1474 1425 1536; x_wconf 87' lang='lat' dir='ltr'>quam</span> <span class='ocrx_word' id='word_1_57' title='bbox 1451 1451 1683 1536; x_wconf 79' lang='lat' dir='ltr'>predecessores</span> <span class='ocrx_word' id='word_1_58' title='bbox 1709 1445 1759 1508; x_wconf 88' lang='lat' dir='ltr'>sui</span> 
     </span>
     <span class='ocr_line' id='line_1_7' title="bbox 256 1535 1759 1622; baseline -0.002 -21"><span class='ocrx_word' id='word_1_59' title='bbox 256 1539 416 1620; x_wconf 82' lang='lat' dir='ltr'>qnondam</span> <span class='ocrx_word' id='word_1_60' title='bbox 432 1544 609 1604; x_wconf 89' lang='lat' dir='ltr'>tenuerunt</span> <span class='ocrx_word' id='word_1_61' title='bbox 626 1581 1247 1593; x_wconf 90' lang='lat'>-------</span> <span class='ocrx_word' id='word_1_62' title='bbox 1335 1537 1438 1603; x_wconf 88' lang='lat' dir='ltr'>nichil</span> <span class='ocrx_word' id='word_1_63' title='bbox 1454 1540 1531 1622; x_wconf 84' lang='lat' dir='ltr'>quie</span> <span class='ocrx_word' id='word_1_64' title='bbox 1545 1535 1759 1600; x_wconf 88' lang='lat' dir='ltr'>decimabilis.</span> 
     </span>
    </p>
   </div>
   <div class='ocr_carea' id='block_1_5' title="bbox 257 1673 1760 1847">
    <p class='ocr_par' dir='ltr' id='par_1_5' title="bbox 257 1673 1760 1847">
     <span class='ocr_line' id='line_1_8' title="bbox 298 1673 1760 1765; baseline -0.004 -25"><span class='ocrx_word' id='word_1_65' title='bbox 298 1674 346 1740; x_wconf 92' lang='lat' dir='ltr'>De</span> <span class='ocrx_word' id='word_1_66' title='bbox 376 1679 480 1761; x_wconf 90' lang='lat' dir='ltr'>priore</span> <span class='ocrx_word' id='word_1_67' title='bbox 510 1677 550 1741; x_wconf 92' lang='lat' dir='ltr'>de</span> <span class='ocrx_word' id='word_1_68' title='bbox 582 1679 677 1742; x_wconf 89' lang='lat' dir='ltr'>Blida</span> <span class='ocrx_word' id='word_1_69' title='bbox 707 1699 765 1762; x_wconf 90' lang='lat' dir='ltr'>pro</span> <span class='ocrx_word' id='word_1_70' title='bbox 794 1680 839 1745; x_wconf 91' lang='lat' dir='ltr'>di.</span> <span class='ocrx_word' id='word_1_71' title='bbox 867 1680 891 1745; x_wconf 83' lang='lat' dir='ltr'>f.</span> <span class='ocrx_word' id='word_1_72' title='bbox 918 1680 951 1743; x_wconf 93' lang='lat' dir='ltr'>in</span> <span class='ocrx_word' id='word_1_73' title='bbox 981 1680 1108 1758; x_wconf 70' lang='lat' dir='ltr'>Error,</span> <span class='ocrx_word' id='word_1_74' title='bbox 1138 1680 1235 1765; x_wconf 87' lang='lat' dir='ltr'>quod,</span> <span class='ocrx_word' id='word_1_75' title='bbox 1254 1678 1491 1763; x_wconf 80' lang='lat' dir='ltr'>predecessores</span> <span class='ocrx_word' id='word_1_76' title='bbox 1517 1677 1567 1738; x_wconf 91' lang='lat' dir='ltr'>sui</span> <span class='ocrx_word' id='word_1_77' title='bbox 1597 1673 1760 1757; x_wconf 86' lang='lat' dir='ltr'>quondam</span> 
     </span>
     <span class='ocr_line' id='line_1_9' title="bbox 257 1759 1759 1847; baseline -0.016 2"><span class='ocrx_word' id='word_1_78' title='bbox 257 1770 431 1828; x_wconf 62' lang='lat' dir='ltr'><strong>tenuemnt</strong></span> <span class='ocrx_word' id='word_1_79' title='bbox 1345 1764 1448 1827; x_wconf 85' lang='lat' dir='ltr'>nichil</span> <span class='ocrx_word' id='word_1_80' title='bbox 1464 1765 1541 1847; x_wconf 90' lang='lat' dir='ltr'>quia</span> <span class='ocrx_word' id='word_1_81' title='bbox 1556 1759 1759 1825; x_wconf 90' lang='lat' dir='ltr'>decimabile.</span> 
     </span>
    </p>
   </div>
   <div class='ocr_carea' id='block_1_6' title="bbox 256 1899 1760 2073">
    <p class='ocr_par' dir='ltr' id='par_1_6' title="bbox 256 1899 1760 2073">
     <span class='ocr_line' id='line_1_10' title="bbox 298 1899 1760 1990; baseline 0 -28"><span class='ocrx_word' id='word_1_82' title='bbox 298 1899 349 1963; x_wconf 88' lang='lat' dir='ltr'>De</span> <span class='ocrx_word' id='word_1_83' title='bbox 371 1899 546 1964; x_wconf 86' lang='lat' dir='ltr'>heredibus</span> <span class='ocrx_word' id='word_1_84' title='bbox 562 1901 719 1966; x_wconf 90' lang='lat' dir='ltr'>Willelmi</span> <span class='ocrx_word' id='word_1_85' title='bbox 744 1902 881 1967; x_wconf 91' lang='lat' dir='ltr'>Botiller</span> <span class='ocrx_word' id='word_1_86' title='bbox 907 1924 964 1987; x_wconf 88' lang='lat' dir='ltr'>pro</span> <span class='ocrx_word' id='word_1_87' title='bbox 988 1903 1025 1990; x_wconf 80' lang='lat' dir='ltr'>ij.</span> <span class='ocrx_word' id='word_1_88' title='bbox 1051 1904 1198 1987; x_wconf 81' lang='lat' dir='ltr'>pertibus</span> <span class='ocrx_word' id='word_1_89' title='bbox 1223 1903 1247 1988; x_wconf 77' lang='lat' dir='ltr'>i.</span> <span class='ocrx_word' id='word_1_90' title='bbox 1263 1904 1286 1967; x_wconf 84' lang='lat' dir='ltr'>i.</span> <span class='ocrx_word' id='word_1_91' title='bbox 1314 1903 1348 1965; x_wconf 90' lang='lat' dir='ltr'>in</span> <span class='ocrx_word' id='word_1_92' title='bbox 1380 1903 1549 1970; x_wconf 76' lang='lat' dir='ltr'>Orroemnn</span> <span class='ocrx_word' id='word_1_93' title='bbox 1579 1899 1760 1973; x_wconf 77' lang='lat' dir='ltr'>Borrnnrrs,</span> 
     </span>
     <span class='ocr_line' id='line_1_11' title="bbox 256 1986 1760 2073; baseline -0.003 -21"><span class='ocrx_word' id='word_1_94' title='bbox 256 1989 339 2071; x_wconf 87' lang='lat' dir='ltr'>quod</span> <span class='ocrx_word' id='word_1_95' title='bbox 356 1987 538 2052; x_wconf 85' lang='lat' dir='ltr'>Willelmus</span> <span class='ocrx_word' id='word_1_96' title='bbox 554 1988 689 2054; x_wconf 91' lang='lat' dir='ltr'>Botiller</span> <span class='ocrx_word' id='word_1_97' title='bbox 705 1990 869 2073; x_wconf 87' lang='lat' dir='ltr'>quondam</span> <span class='ocrx_word' id='word_1_98' title='bbox 885 1992 994 2054; x_wconf 84' lang='lat' dir='ltr'>tenuit</span> <span class='ocrx_word' id='word_1_99' title='bbox 1111 2031 1122 2042; x_wconf 91' lang='lat'>-</span> <span class='ocrx_word' id='word_1_100' title='bbox 1213 2032 1223 2043; x_wconf 90' lang='lat'><em>-</em></span> <span class='ocrx_word' id='word_1_101' title='bbox 1314 2031 1324 2041; x_wconf 95' lang='lat'>-</span> <span class='ocrx_word' id='word_1_102' title='bbox 1415 2029 1425 2040; x_wconf 92' lang='lat'>-</span> <span class='ocrx_word' id='word_1_103' title='bbox 1514 1987 1610 2072; x_wconf 60' lang='lat' dir='ltr'>iiijs.</span> <span class='ocrx_word' id='word_1_104' title='bbox 1627 1986 1698 2050; x_wconf 89' lang='lat' dir='ltr'>v.d.</span> <span class='ocrx_word' id='word_1_105' title='bbox 1718 1989 1760 2066; x_wconf 55' lang='lat' dir='ltr'>qh</span> 
     </span>
    </p>
   </div>
   <div class='ocr_carea' id='block_1_7' title="bbox 297 2121 1860 2215">
    <p class='ocr_par' dir='ltr' id='par_1_7' title="bbox 297 2121 1860 2215">
     <span class='ocr_line' id='line_1_12' title="bbox 297 2121 1860 2215; baseline 0 -29"><span class='ocrx_word' id='word_1_106' title='bbox 297 2123 346 2187; x_wconf 90' lang='lat' dir='ltr'>De</span> <span class='ocrx_word' id='word_1_107' title='bbox 361 2123 501 2188; x_wconf 88' lang='lat' dir='ltr'>Roberto</span> <span class='ocrx_word' id='word_1_108' title='bbox 517 2125 695 2210; x_wconf 85' lang='lat' dir='ltr'>Plnmpton</span> <span class='ocrx_word' id='word_1_109' title='bbox 712 2148 768 2211; x_wconf 91' lang='lat' dir='ltr'>pro</span> <span class='ocrx_word' id='word_1_110' title='bbox 783 2127 819 2213; x_wconf 79' lang='lat' dir='ltr'>ij.</span> <span class='ocrx_word' id='word_1_111' title='bbox 834 2128 981 2211; x_wconf 87' lang='lat' dir='ltr'>partibus</span> <span class='ocrx_word' id='word_1_112' title='bbox 995 2129 1019 2215; x_wconf 83' lang='lat' dir='ltr'>j.</span> <span class='ocrx_word' id='word_1_113' title='bbox 1032 2128 1055 2194; x_wconf 85' lang='lat' dir='ltr'>f.</span> <span class='ocrx_word' id='word_1_114' title='bbox 1068 2129 1102 2192; x_wconf 91' lang='lat' dir='ltr'>in</span> <span class='ocrx_word' id='word_1_115' title='bbox 1119 2130 1310 2207; x_wconf 74' lang='lat' dir='ltr'>Kssrnros,</span> <span class='ocrx_word' id='word_1_116' title='bbox 1324 2128 1522 2193; x_wconf 76' lang='lat' dir='ltr'>Krnvneros</span> <span class='ocrx_word' id='word_1_117' title='bbox 1540 2130 1573 2188; x_wconf 87' lang='lat' dir='ltr'>et</span> <span class='ocrx_word' id='word_1_118' title='bbox 1590 2124 1762 2198; x_wconf 61' lang='lat' dir='ltr'>onerose,</span> <span class='ocrx_word' id='word_1_119' title='bbox 1858 2121 1860 2126; x_wconf 76' lang='grc'>’</span> 
     </span>
    </p>
   </div>
   <div class='ocr_carea' id='block_1_8' title="bbox 256 2211 1761 2298">
    <p class='ocr_par' dir='ltr' id='par_1_8' title="bbox 256 2211 1761 2298">
     <span class='ocr_line' id='line_1_13' title="bbox 256 2211 1761 2298; baseline 0.012 -25"><span class='ocrx_word' id='word_1_120' title='bbox 256 2213 339 2293; x_wconf 86' lang='lat' dir='ltr'>quod</span> <span class='ocrx_word' id='word_1_121' title='bbox 354 2212 505 2295; x_wconf 81' lang='lat' dir='ltr'>Paganus</span> <span class='ocrx_word' id='word_1_122' title='bbox 520 2214 560 2277; x_wconf 92' lang='lat' dir='ltr'>de</span> <span class='ocrx_word' id='word_1_123' title='bbox 575 2213 691 2298; x_wconf 85' lang='lat' dir='ltr'>Vylers</span> <span class='ocrx_word' id='word_1_124' title='bbox 705 2217 870 2298; x_wconf 87' lang='lat' dir='ltr'>quondam</span> <span class='ocrx_word' id='word_1_125' title='bbox 886 2218 996 2280; x_wconf 85' lang='lat' dir='ltr'>tenuit</span> <span class='ocrx_word' id='word_1_126' title='bbox 1107 2257 1118 2268; x_wconf 93' lang='lat'>-</span> <span class='ocrx_word' id='word_1_127' title='bbox 1209 2257 1219 2267; x_wconf 95' lang='lat'>·</span> <span class='ocrx_word' id='word_1_128' title='bbox 1311 2255 1322 2266; x_wconf 95' lang='lat'>·</span> <span class='ocrx_word' id='word_1_129' title='bbox 1412 2253 1423 2264; x_wconf 93' lang='lat'><em>·</em></span> <span class='ocrx_word' id='word_1_130' title='bbox 1516 2211 1697 2297; x_wconf 71' lang='lat' dir='ltr'>ffij·⁸·V·‘l·</span> <span class='ocrx_word' id='word_1_131' title='bbox 1718 2223 1761 2291; x_wconf 74' lang='lat' dir='ltr'>d&#39;·</span> 
     </span>
    </p>
   </div>
   <div class='ocr_carea' id='block_1_9' title="bbox 257 2349 1762 2524">
    <p class='ocr_par' dir='ltr' id='par_1_9' title="bbox 257 2349 1762 2524">
     <span class='ocr_line' id='line_1_14' title="bbox 298 2349 1762 2438; baseline -0.003 -26"><span class='ocrx_word' id='word_1_132' title='bbox 298 2349 344 2412; x_wconf 89' lang='lat' dir='ltr'>De</span> <span class='ocrx_word' id='word_1_133' title='bbox 369 2349 486 2413; x_wconf 80' lang='lat' dir='ltr'>abbate</span> <span class='ocrx_word' id='word_1_134' title='bbox 512 2351 554 2414; x_wconf 91' lang='lat' dir='ltr'>de</span> <span class='ocrx_word' id='word_1_135' title='bbox 580 2350 815 2435; x_wconf 82' lang='lat' dir='ltr'>Swynesheved</span> <span class='ocrx_word' id='word_1_136' title='bbox 839 2374 896 2436; x_wconf 92' lang='lat' dir='ltr'>pro</span> <span class='ocrx_word' id='word_1_137' title='bbox 919 2356 1019 2417; x_wconf 79' lang='lat' dir='ltr'>tercie</span> <span class='ocrx_word' id='word_1_138' title='bbox 1041 2359 1133 2437; x_wconf 87' lang='lat' dir='ltr'>parte</span> <span class='ocrx_word' id='word_1_139' title='bbox 1148 2354 1287 2438; x_wconf 78' lang='lat' dir='ltr'>predicti</span> <span class='ocrx_word' id='word_1_140' title='bbox 1301 2351 1386 2416; x_wconf 82' lang='lat' dir='ltr'>feodi</span> <span class='ocrx_word' id='word_1_141' title='bbox 1403 2352 1437 2414; x_wconf 92' lang='lat' dir='ltr'>in</span> <span class='ocrx_word' id='word_1_142' title='bbox 1455 2352 1647 2427; x_wconf 64' lang='lat' dir='ltr'>Keresos,</span> <span class='ocrx_word' id='word_1_143' title='bbox 1663 2367 1762 2430; x_wconf 90' lang='lat' dir='ltr'>quam</span> 
     </span>
     <span class='ocr_line' id='line_1_15' title="bbox 257 2434 1760 2524; baseline -0.001 -25"><span class='ocrx_word' id='word_1_144' title='bbox 257 2437 492 2520; x_wconf 84' lang='lat' dir='ltr'>predecessores</span> <span class='ocrx_word' id='word_1_145' title='bbox 508 2438 559 2502; x_wconf 89' lang='lat' dir='ltr'>sui</span> <span class='ocrx_word' id='word_1_146' title='bbox 574 2440 737 2524; x_wconf 87' lang='lat' dir='ltr'>quondam</span> <span class='ocrx_word' id='word_1_147' title='bbox 753 2447 931 2504; x_wconf 90' lang='lat' dir='ltr'>tenuerunt</span> <span class='ocrx_word' id='word_1_148' title='bbox 1043 2481 1054 2492; x_wconf 90' lang='lat'><strong>·</strong></span> <span class='ocrx_word' id='word_1_149' title='bbox 1144 2482 1155 2492; x_wconf 92' lang='lat'>-</span> <span class='ocrx_word' id='word_1_150' title='bbox 1245 2481 1256 2492; x_wconf 90' lang='lat'>-</span> <span class='ocrx_word' id='word_1_151' title='bbox 1345 2438 1447 2503; x_wconf 88' lang='lat' dir='ltr'>nichil</span> <span class='ocrx_word' id='word_1_152' title='bbox 1462 2442 1539 2522; x_wconf 86' lang='lat' dir='ltr'>quie</span> <span class='ocrx_word' id='word_1_153' title='bbox 1555 2434 1760 2500; x_wconf 86' lang='lat' dir='ltr'>decimabile.</span> 
     </span>
    </p>
   </div>
   <div class='ocr_carea' id='block_1_10' title="bbox 258 2579 1763 2755">
    <p class='ocr_par' dir='ltr' id='par_1_10' title="bbox 258 2579 1763 2755">
     <span class='ocr_line' id='line_1_16' title="bbox 300 2579 1763 2672; baseline -0.002 -30"><span class='ocrx_word' id='word_1_154' title='bbox 300 2579 349 2643; x_wconf 88' lang='lat' dir='ltr'>De</span> <span class='ocrx_word' id='word_1_155' title='bbox 372 2581 490 2645; x_wconf 79' lang='lat' dir='ltr'>abbate</span> <span class='ocrx_word' id='word_1_156' title='bbox 515 2581 555 2645; x_wconf 91' lang='lat' dir='ltr'>de</span> <span class='ocrx_word' id='word_1_157' title='bbox 579 2581 813 2667; x_wconf 80' lang='lat' dir='ltr'>Swyneshered</span> <span class='ocrx_word' id='word_1_158' title='bbox 837 2605 895 2667; x_wconf 93' lang='lat' dir='ltr'>pro</span> <span class='ocrx_word' id='word_1_159' title='bbox 924 2585 949 2672; x_wconf 83' lang='lat' dir='ltr'>j.</span> <span class='ocrx_word' id='word_1_160' title='bbox 974 2581 997 2648; x_wconf 83' lang='lat' dir='ltr'>f.</span> <span class='ocrx_word' id='word_1_161' title='bbox 1024 2585 1061 2649; x_wconf 92' lang='lat' dir='ltr'>in</span> <span class='ocrx_word' id='word_1_162' title='bbox 1092 2587 1301 2664; x_wconf 74' lang='lat' dir='ltr'>Connonnvn,</span> <span class='ocrx_word' id='word_1_163' title='bbox 1327 2584 1412 2668; x_wconf 90' lang='lat' dir='ltr'>quod</span> <span class='ocrx_word' id='word_1_164' title='bbox 1442 2582 1682 2668; x_wconf 86' lang='lat' dir='ltr'>predecessores</span> <span class='ocrx_word' id='word_1_165' title='bbox 1711 2579 1763 2640; x_wconf 91' lang='lat' dir='ltr'>sui</span> 
     </span>
     <span class='ocr_line' id='line_1_17' title="bbox 258 2665 1761 2755; baseline -0.01 -24"><span class='ocrx_word' id='word_1_166' title='bbox 258 2668 420 2750; x_wconf 89' lang='lat' dir='ltr'>quondam</span> <span class='ocrx_word' id='word_1_167' title='bbox 434 2674 612 2733; x_wconf 81' lang='lat' dir='ltr'>tenuerunt</span> <span class='ocrx_word' id='word_1_168' title='bbox 634 2709 1258 2726; x_wconf 90' lang='grc'>.......</span> <span class='ocrx_word' id='word_1_169' title='bbox 1347 2669 1450 2734; x_wconf 64' lang='lat' dir='ltr'>niohfl</span> <span class='ocrx_word' id='word_1_170' title='bbox 1465 2670 1542 2755; x_wconf 70' lang='lat' dir='ltr'>quia</span> <span class='ocrx_word' id='word_1_171' title='bbox 1557 2665 1761 2732; x_wconf 61' lang='lat' dir='ltr'>decimabfle,</span> 
     </span>
    </p>
   </div>
   <div class='ocr_carea' id='block_1_11' title="bbox 260 2806 1763 2978">
    <p class='ocr_par' dir='ltr' id='par_1_11' title="bbox 260 2806 1763 2978">
     <span class='ocr_line' id='line_1_18' title="bbox 301 2806 1762 2896; baseline -0.002 -25"><span class='ocrx_word' id='word_1_172' title='bbox 301 2806 348 2869; x_wconf 89' lang='lat' dir='ltr'>De</span> <span class='ocrx_word' id='word_1_173' title='bbox 363 2808 449 2891; x_wconf 90' lang='lat' dir='ltr'>prior</span> <span class='ocrx_word' id='word_1_174' title='bbox 462 2807 504 2870; x_wconf 92' lang='lat' dir='ltr'>de</span> <span class='ocrx_word' id='word_1_175' title='bbox 519 2807 648 2871; x_wconf 87' lang='lat' dir='ltr'>Lenton</span> <span class='ocrx_word' id='word_1_176' title='bbox 664 2827 722 2891; x_wconf 90' lang='lat' dir='ltr'>pro</span> <span class='ocrx_word' id='word_1_177' title='bbox 736 2808 762 2896; x_wconf 82' lang='lat' dir='ltr'>j.</span> <span class='ocrx_word' id='word_1_178' title='bbox 778 2809 802 2874; x_wconf 87' lang='lat' dir='ltr'>l.</span> <span class='ocrx_word' id='word_1_179' title='bbox 819 2811 855 2873; x_wconf 89' lang='lat' dir='ltr'>in</span> <span class='ocrx_word' id='word_1_180' title='bbox 870 2811 1018 2895; x_wconf 90' lang='lat' dir='ltr'>predicta</span> <span class='ocrx_word' id='word_1_181' title='bbox 1034 2811 1113 2876; x_wconf 86' lang='lat' dir='ltr'>villa</span> <span class='ocrx_word' id='word_1_182' title='bbox 1129 2811 1168 2874; x_wconf 88' lang='lat' dir='ltr'>de</span> <span class='ocrx_word' id='word_1_183' title='bbox 1183 2810 1391 2888; x_wconf 73' lang='lat' dir='ltr'>consortiis,</span> <span class='ocrx_word' id='word_1_184' title='bbox 1417 2807 1503 2893; x_wconf 88' lang='lat' dir='ltr'>quod</span> <span class='ocrx_word' id='word_1_185' title='bbox 1527 2807 1762 2892; x_wconf 90' lang='lat' dir='ltr'>predecessores</span> 
     </span>
     <span class='ocr_line' id='line_1_19' title="bbox 260 2893 1763 2978; baseline 0 -20"><span class='ocrx_word' id='word_1_186' title='bbox 260 2894 678 2978; x_wconf 83' lang='lat' dir='ltr'>auiqnondamtenuerunt</span> <span class='ocrx_word' id='word_1_187' title='bbox 753 2937 1273 2951; x_wconf 86' lang='lat'><strong>------</strong></span> <span class='ocrx_word' id='word_1_188' title='bbox 1363 2897 1466 2960; x_wconf 89' lang='lat' dir='ltr'>nichil</span> <span class='ocrx_word' id='word_1_189' title='bbox 1480 2916 1576 2959; x_wconf 68' lang='lat' dir='ltr'>musa</span> <span class='ocrx_word' id='word_1_190' title='bbox 1591 2893 1763 2958; x_wconf 87' lang='lat' dir='ltr'>consimili.</span> 
     </span>
    </p>
   </div>
   <div class='ocr_carea' id='block_1_12' title="bbox 260 3031 1764 3206">
    <p class='ocr_par' dir='ltr' id='par_1_12' title="bbox 260 3031 1764 3206">
     <span class='ocr_line' id='line_1_20' title="bbox 302 3031 1764 3122; baseline -0.001 -27"><span class='ocrx_word' id='word_1_191' title='bbox 302 3031 350 3096; x_wconf 89' lang='lat' dir='ltr'>De</span> <span class='ocrx_word' id='word_1_192' title='bbox 380 3031 554 3116; x_wconf 81' lang='lat' dir='ltr'>Rednlpho</span> <span class='ocrx_word' id='word_1_193' title='bbox 583 3031 770 3098; x_wconf 81' lang='lat' dir='ltr'>Cromewell</span> <span class='ocrx_word' id='word_1_194' title='bbox 800 3055 858 3119; x_wconf 89' lang='lat' dir='ltr'>pro</span> <span class='ocrx_word' id='word_1_195' title='bbox 887 3035 912 3122; x_wconf 82' lang='lat' dir='ltr'>j.</span> <span class='ocrx_word' id='word_1_196' title='bbox 937 3037 961 3101; x_wconf 81' lang='lat' dir='ltr'>f.</span> <span class='ocrx_word' id='word_1_197' title='bbox 993 3037 1028 3100; x_wconf 90' lang='lat' dir='ltr'>in</span> <span class='ocrx_word' id='word_1_198' title='bbox 1059 3037 1196 3105; x_wconf 75' lang='lat' dir='ltr'>Gesner</span> <span class='ocrx_word' id='word_1_199' title='bbox 1225 3039 1261 3100; x_wconf 85' lang='lat' dir='ltr'>et</span> <span class='ocrx_word' id='word_1_200' title='bbox 1293 3035 1435 3112; x_wconf 71' lang='lat' dir='ltr'>Suebos,</span> <span class='ocrx_word' id='word_1_201' title='bbox 1464 3033 1549 3119; x_wconf 91' lang='lat' dir='ltr'>quod</span> <span class='ocrx_word' id='word_1_202' title='bbox 1580 3031 1764 3095; x_wconf 88' lang='lat' dir='ltr'>Willelmus</span> 
     </span>
     <span class='ocr_line' id='line_1_21' title="bbox 260 3117 1761 3206; baseline 0.001 -24"><span class='ocrx_word' id='word_1_203' title='bbox 260 3117 623 3204; x_wconf 82' lang='lat' dir='ltr'>Deynoourtquondnm</span> <span class='ocrx_word' id='word_1_204' title='bbox 638 3121 748 3185; x_wconf 83' lang='lat' dir='ltr'>tenuit</span> <span class='ocrx_word' id='word_1_205' title='bbox 846 3162 856 3174; x_wconf 92' lang='lat'>-</span> <span class='ocrx_word' id='word_1_206' title='bbox 947 3163 958 3174; x_wconf 92' lang='lat'>-</span> <span class='ocrx_word' id='word_1_207' title='bbox 1050 3164 1060 3176; x_wconf 88' lang='lat'><em>-</em></span> <span class='ocrx_word' id='word_1_208' title='bbox 1152 3164 1162 3175; x_wconf 90' lang='lat'><em>-</em></span> <span class='ocrx_word' id='word_1_209' title='bbox 1252 3164 1263 3174; x_wconf 88' lang='lat'>-</span> <span class='ocrx_word' id='word_1_210' title='bbox 1457 3160 1468 3172; x_wconf 90' lang='lat'>-</span> <span class='ocrx_word' id='word_1_211' title='bbox 1556 3118 1761 3206; x_wconf 82' lang='lat' dir='ltr'>vj.e.viij.d.</span> 
     </span>
    </p>
   </div>
   <div class='ocr_carea' id='block_1_13' title="bbox 260 3255 1764 3432">
    <p class='ocr_par' dir='ltr' id='par_1_13' title="bbox 260 3255 1764 3432">
     <span class='ocr_line' id='line_1_22' title="bbox 302 3255 1764 3346; baseline 0.001 -29"><span class='ocrx_word' id='word_1_212' title='bbox 302 3255 351 3318; x_wconf 90' lang='lat' dir='ltr'>De</span> <span class='ocrx_word' id='word_1_213' title='bbox 381 3255 531 3335; x_wconf 85' lang='lat' dir='ltr'>Isabello,</span> <span class='ocrx_word' id='word_1_214' title='bbox 560 3277 662 3340; x_wconf 87' lang='lat' dir='ltr'>nuper</span> <span class='ocrx_word' id='word_1_215' title='bbox 691 3278 789 3323; x_wconf 87' lang='lat' dir='ltr'>uxore</span> <span class='ocrx_word' id='word_1_216' title='bbox 821 3258 979 3323; x_wconf 88' lang='lat' dir='ltr'>Willelmi</span> <span class='ocrx_word' id='word_1_217' title='bbox 1008 3259 1237 3346; x_wconf 82' lang='lat' dir='ltr'>Graynemere‚</span> <span class='ocrx_word' id='word_1_218' title='bbox 1266 3280 1325 3343; x_wconf 90' lang='lat' dir='ltr'>pro</span> <span class='ocrx_word' id='word_1_219' title='bbox 1354 3258 1399 3324; x_wconf 91' lang='lat' dir='ltr'>di.</span> <span class='ocrx_word' id='word_1_220' title='bbox 1422 3259 1446 3324; x_wconf 83' lang='lat' dir='ltr'>f.</span> <span class='ocrx_word' id='word_1_221' title='bbox 1469 3258 1504 3320; x_wconf 93' lang='lat' dir='ltr'>in</span> <span class='ocrx_word' id='word_1_222' title='bbox 1528 3258 1699 3324; x_wconf 75' lang='lat' dir='ltr'>Aenioros</span> <span class='ocrx_word' id='word_1_223' title='bbox 1729 3260 1764 3318; x_wconf 85' lang='lat' dir='ltr'>et</span> 
     </span>
     <span class='ocr_line' id='line_1_23' title="bbox 260 3341 1763 3432; baseline -0.002 -23"><span class='ocrx_word' id='word_1_224' title='bbox 260 3341 527 3423; x_wconf 75' lang='lat' dir='ltr'>Hronnswonrn,</span> <span class='ocrx_word' id='word_1_225' title='bbox 542 3345 629 3430; x_wconf 89' lang='lat' dir='ltr'>quod</span> <span class='ocrx_word' id='word_1_226' title='bbox 645 3343 811 3412; x_wconf 79' lang='lat' dir='ltr'>lohannes</span> <span class='ocrx_word' id='word_1_227' title='bbox 825 3346 1012 3430; x_wconf 83' lang='lat' dir='ltr'>Deyncourt</span> <span class='ocrx_word' id='word_1_228' title='bbox 1026 3348 1191 3431; x_wconf 90' lang='lat' dir='ltr'>quondam</span> <span class='ocrx_word' id='word_1_229' title='bbox 1207 3349 1317 3432; x_wconf 81' lang='lat' dir='ltr'>tenuit</span> <span class='ocrx_word' id='word_1_230' title='bbox 1360 3385 1371 3397; x_wconf 94' lang='lat'>-</span> <span class='ocrx_word' id='word_1_231' title='bbox 1462 3385 1472 3396; x_wconf 93' lang='lat'>-</span> <span class='ocrx_word' id='word_1_232' title='bbox 1562 3344 1645 3429; x_wconf 62' lang='lat' dir='ltr'>iiio.</span> <span class='ocrx_word' id='word_1_233' title='bbox 1662 3342 1763 3427; x_wconf 75' lang='lat' dir='ltr'>iiijd.</span> 
     </span>
    </p>
   </div>
   <div class='ocr_carea' id='block_1_14' title="bbox 259 3486 1765 3975">
    <p class='ocr_par' dir='ltr' id='par_1_14' title="bbox 259 3486 1765 3975">
     <span class='ocr_line' id='line_1_24' title="bbox 302 3486 1765 3575; baseline 0.001 -26"><span class='ocrx_word' id='word_1_234' title='bbox 302 3487 350 3551; x_wconf 91' lang='lat' dir='ltr'>De</span> <span class='ocrx_word' id='word_1_235' title='bbox 373 3486 545 3570; x_wconf 84' lang='lat' dir='ltr'>Rodulpho</span> <span class='ocrx_word' id='word_1_236' title='bbox 571 3487 697 3573; x_wconf 86' lang='lat' dir='ltr'>Shirley</span> <span class='ocrx_word' id='word_1_237' title='bbox 713 3511 770 3574; x_wconf 90' lang='lat' dir='ltr'>pro</span> <span class='ocrx_word' id='word_1_238' title='bbox 792 3489 920 3574; x_wconf 78' lang='lat' dir='ltr'>j.l.1n</span> <span class='ocrx_word' id='word_1_239' title='bbox 944 3491 1095 3559; x_wconf 75' lang='lat' dir='ltr'>Consros</span> <span class='ocrx_word' id='word_1_240' title='bbox 1120 3493 1257 3571; x_wconf 73' lang='lat' dir='ltr'>Essene,</span> <span class='ocrx_word' id='word_1_241' title='bbox 1283 3490 1370 3575; x_wconf 92' lang='lat' dir='ltr'>quod</span> <span class='ocrx_word' id='word_1_242' title='bbox 1395 3490 1495 3573; x_wconf 78' lang='lat' dir='ltr'>Hugo</span> <span class='ocrx_word' id='word_1_243' title='bbox 1513 3487 1703 3573; x_wconf 85' lang='lat' dir='ltr'>Meyngnell</span> <span class='ocrx_word' id='word_1_244' title='bbox 1731 3491 1765 3550; x_wconf 86' lang='lat' dir='ltr'>et</span> 
     </span>
     <span class='ocr_line' id='line_1_25' title="bbox 260 3573 1762 3749; baseline 0.001 -112"><span class='ocrx_word' id='word_1_245' title='bbox 260 3573 420 3652; x_wconf 86' lang='lat' dir='ltr'>Johanne,</span> <span class='ocrx_word' id='word_1_246' title='bbox 433 3596 514 3638; x_wconf 83' lang='lat' dir='ltr'>uxor</span> <span class='ocrx_word' id='word_1_247' title='bbox 527 3575 611 3662; x_wconf 84' lang='lat' dir='ltr'>ejus,</span> <span class='ocrx_word' id='word_1_248' title='bbox 626 3597 690 3658; x_wconf 87' lang='lat' dir='ltr'>qne</span> <span class='ocrx_word' id='word_1_249' title='bbox 704 3579 771 3641; x_wconf 83' lang='lat' dir='ltr'>init</span> <span class='ocrx_word' id='word_1_250' title='bbox 786 3598 866 3642; x_wconf 85' lang='lat' dir='ltr'>uxor</span> <span class='ocrx_word' id='word_1_251' title='bbox 881 3578 1046 3662; x_wconf 85' lang='lat' dir='ltr'>Radnlphi</span> <span class='ocrx_word' id='word_1_252' title='bbox 1062 3579 1186 3658; x_wconf 88' lang='lat' dir='ltr'>Basset,</span> <span class='ocrx_word' id='word_1_253' title='bbox 1202 3578 1367 3662; x_wconf 80' lang='lat' dir='ltr'>quondam</span> <span class='ocrx_word' id='word_1_254' title='bbox 1382 3581 1633 3749; x_wconf 54' lang='lat' dir='ltr'>oenuemntvjn.</span> <span class='ocrx_word' id='word_1_255' title='bbox 1650 3661 1762 3746; x_wconf 69' lang='lat' dir='ltr'>viijd.</span> 
     </span>
     <span class='ocr_line' id='line_1_26' title="bbox 303 3797 1764 3889; baseline 0 -26"><span class='ocrx_word' id='word_1_256' title='bbox 303 3797 352 3863; x_wconf 89' lang='lat' dir='ltr'>De</span> <span class='ocrx_word' id='word_1_257' title='bbox 367 3799 491 3863; x_wconf 84' lang='lat' dir='ltr'>Thema</span> <span class='ocrx_word' id='word_1_258' title='bbox 505 3800 546 3863; x_wconf 91' lang='lat' dir='ltr'>de</span> <span class='ocrx_word' id='word_1_259' title='bbox 561 3799 652 3864; x_wconf 86' lang='lat' dir='ltr'>Novo</span> <span class='ocrx_word' id='word_1_260' title='bbox 669 3801 815 3865; x_wconf 82' lang='lat' dir='ltr'>Meroato</span> <span class='ocrx_word' id='word_1_261' title='bbox 830 3823 887 3887; x_wconf 89' lang='lat' dir='ltr'>pro</span> <span class='ocrx_word' id='word_1_262' title='bbox 912 3801 949 3889; x_wconf 82' lang='lat' dir='ltr'>ij.</span> <span class='ocrx_word' id='word_1_263' title='bbox 966 3803 990 3867; x_wconf 81' lang='lat' dir='ltr'>f.</span> <span class='ocrx_word' id='word_1_264' title='bbox 1013 3804 1049 3866; x_wconf 91' lang='lat' dir='ltr'>in</span> <span class='ocrx_word' id='word_1_265' title='bbox 1066 3804 1246 3881; x_wconf 77' lang='lat' dir='ltr'>Wnrrror,</span> <span class='ocrx_word' id='word_1_266' title='bbox 1261 3802 1431 3869; x_wconf 77' lang='lat' dir='ltr'>Aenioror</span> <span class='ocrx_word' id='word_1_267' title='bbox 1445 3805 1479 3864; x_wconf 85' lang='lat' dir='ltr'>et</span> <span class='ocrx_word' id='word_1_268' title='bbox 1496 3801 1764 3876; x_wconf 72' lang='lat' dir='ltr'>Henneswonrn,</span> 
     </span>
     <span class='ocr_line' id='line_1_27' title="bbox 259 3884 1763 3975; baseline 0.001 -27"><span class='ocrx_word' id='word_1_269' title='bbox 259 3906 321 3968; x_wconf 90' lang='lat' dir='ltr'>que</span> <span class='ocrx_word' id='word_1_270' title='bbox 335 3884 474 3950; x_wconf 80' lang='lat' dir='ltr'>Thomas</span> <span class='ocrx_word' id='word_1_271' title='bbox 489 3887 528 3950; x_wconf 91' lang='lat' dir='ltr'>de</span> <span class='ocrx_word' id='word_1_272' title='bbox 543 3887 635 3952; x_wconf 89' lang='lat' dir='ltr'>Novo</span> <span class='ocrx_word' id='word_1_273' title='bbox 650 3889 807 3970; x_wconf 83' lang='lat' dir='ltr'>Mereato,</span> <span class='ocrx_word' id='word_1_274' title='bbox 824 3891 1027 3974; x_wconf 84' lang='lat' dir='ltr'>predecessor</span> <span class='ocrx_word' id='word_1_275' title='bbox 1042 3911 1131 3972; x_wconf 85' lang='lat' dir='ltr'>suus,</span> <span class='ocrx_word' id='word_1_276' title='bbox 1147 3891 1312 3975; x_wconf 86' lang='lat' dir='ltr'>quondam</span> <span class='ocrx_word' id='word_1_277' title='bbox 1328 3891 1437 3954; x_wconf 86' lang='lat' dir='ltr'>tenuit</span> <span class='ocrx_word' id='word_1_278' title='bbox 1453 3929 1464 3941; x_wconf 96' lang='lat'>-</span> <span class='ocrx_word' id='word_1_279' title='bbox 1539 3887 1641 3973; x_wconf 63' lang='lat' dir='ltr'>xiiis.</span> <span class='ocrx_word' id='word_1_280' title='bbox 1658 3885 1720 3971; x_wconf 88' lang='lat' dir='ltr'>iiij.</span> <span class='ocrx_word' id='word_1_281' title='bbox 1731 3886 1763 3950; x_wconf 84' lang='lat' dir='ltr'>d.</span> 
     </span>
    </p>
   </div>
   <div class='ocr_carea' id='block_1_15' title="bbox 265 4019 1766 4201">
    <p class='ocr_par' dir='ltr' id='par_1_15' title="bbox 265 4019 1766 4201">
     <span class='ocr_line' id='line_1_28' title="bbox 304 4019 1766 4114; baseline 0.001 -30"><span class='ocrx_word' id='word_1_282' title='bbox 304 4019 352 4086; x_wconf 89' lang='lat' dir='ltr'>De</span> <span class='ocrx_word' id='word_1_283' title='bbox 378 4023 504 4086; x_wconf 86' lang='lat' dir='ltr'>Thoma</span> <span class='ocrx_word' id='word_1_284' title='bbox 528 4022 697 4089; x_wconf 72' lang='lat' dir='ltr'>chaworth</span> <span class='ocrx_word' id='word_1_285' title='bbox 723 4031 757 4090; x_wconf 90' lang='lat' dir='ltr'>et</span> <span class='ocrx_word' id='word_1_286' title='bbox 781 4026 923 4092; x_wconf 84' lang='lat' dir='ltr'>Roberto</span> <span class='ocrx_word' id='word_1_287' title='bbox 949 4027 1138 4112; x_wconf 85' lang='lat' dir='ltr'>Deyncourt</span> <span class='ocrx_word' id='word_1_288' title='bbox 1167 4049 1224 4112; x_wconf 91' lang='lat' dir='ltr'>pro</span> <span class='ocrx_word' id='word_1_289' title='bbox 1254 4027 1278 4114; x_wconf 81' lang='lat' dir='ltr'>j.</span> <span class='ocrx_word' id='word_1_290' title='bbox 1304 4027 1328 4092; x_wconf 85' lang='lat' dir='ltr'>i.</span> <span class='ocrx_word' id='word_1_291' title='bbox 1359 4027 1395 4089; x_wconf 91' lang='lat' dir='ltr'>in</span> <span class='ocrx_word' id='word_1_292' title='bbox 1424 4025 1653 4104; x_wconf 77' lang='lat' dir='ltr'>Beroosrorrn,</span> <span class='ocrx_word' id='word_1_293' title='bbox 1680 4022 1766 4106; x_wconf 88' lang='lat' dir='ltr'>quod</span> 
     </span>
     <span class='ocr_line' id='line_1_29' title="bbox 265 4109 1764 4201; baseline 0.003 -30"><span class='ocrx_word' id='word_1_294' title='bbox 265 4109 446 4174; x_wconf 87' lang='lat' dir='ltr'>Willelmus</span> <span class='ocrx_word' id='word_1_295' title='bbox 460 4111 647 4195; x_wconf 74' lang='lat' dir='ltr'>Deyncourt</span> <span class='ocrx_word' id='word_1_296' title='bbox 660 4119 694 4176; x_wconf 92' lang='lat' dir='ltr'>et</span> <span class='ocrx_word' id='word_1_297' title='bbox 709 4113 874 4178; x_wconf 88' lang='lat' dir='ltr'>Johannes</span> <span class='ocrx_word' id='word_1_298' title='bbox 889 4114 1011 4180; x_wconf 79' lang='lat' dir='ltr'>Oeltolt</span> <span class='ocrx_word' id='word_1_299' title='bbox 1026 4117 1191 4201; x_wconf 70' lang='lat' dir='ltr'>quondam</span> <span class='ocrx_word' id='word_1_300' title='bbox 1206 4121 1382 4180; x_wconf 86' lang='lat' dir='ltr'>tenuerunt</span> <span class='ocrx_word' id='word_1_301' title='bbox 1454 4154 1464 4164; x_wconf 97' lang='lat'>-</span> <span class='ocrx_word' id='word_1_302' title='bbox 1554 4113 1636 4198; x_wconf 62' lang='lat' dir='ltr'>vie.</span> <span class='ocrx_word' id='word_1_303' title='bbox 1654 4111 1764 4196; x_wconf 64' lang='lat' dir='ltr'>virid.</span> 
     </span>
    </p>
   </div>
   <div class='ocr_carea' id='block_1_16' title="bbox 263 4248 1766 4423">
    <p class='ocr_par' dir='ltr' id='par_1_16' title="bbox 263 4248 1766 4423">
     <span class='ocr_line' id='line_1_30' title="bbox 304 4248 1766 4338; baseline 0 -28"><span class='ocrx_word' id='word_1_304' title='bbox 304 4248 353 4310; x_wconf 88' lang='lat' dir='ltr'>De</span> <span class='ocrx_word' id='word_1_305' title='bbox 379 4248 564 4333; x_wconf 80' lang='lat' dir='ltr'>Mnrgareta</span> <span class='ocrx_word' id='word_1_306' title='bbox 589 4249 629 4314; x_wconf 88' lang='lat' dir='ltr'>de</span> <span class='ocrx_word' id='word_1_307' title='bbox 653 4249 833 4336; x_wconf 86' lang='lat' dir='ltr'>Rempstcn</span> <span class='ocrx_word' id='word_1_308' title='bbox 856 4273 914 4335; x_wconf 92' lang='lat' dir='ltr'>pro</span> <span class='ocrx_word' id='word_1_309' title='bbox 935 4252 961 4337; x_wconf 77' lang='lat' dir='ltr'>j.</span> <span class='ocrx_word' id='word_1_310' title='bbox 977 4254 1002 4317; x_wconf 88' lang='lat' dir='ltr'>f.</span> <span class='ocrx_word' id='word_1_311' title='bbox 1026 4253 1064 4316; x_wconf 90' lang='lat' dir='ltr'>in</span> <span class='ocrx_word' id='word_1_312' title='bbox 1091 4255 1269 4331; x_wconf 67' lang='lat' dir='ltr'>Berisum,</span> <span class='ocrx_word' id='word_1_313' title='bbox 1293 4252 1379 4338; x_wconf 92' lang='lat' dir='ltr'>quod</span> <span class='ocrx_word' id='word_1_314' title='bbox 1397 4249 1580 4314; x_wconf 90' lang='lat' dir='ltr'>Willelmus</span> <span class='ocrx_word' id='word_1_315' title='bbox 1595 4248 1766 4333; x_wconf 80' lang='lat' dir='ltr'>Bynghem</span> 
     </span>
     <span class='ocr_line' id='line_1_31' title="bbox 263 4335 1766 4423; baseline 0.001 -25"><span class='ocrx_word' id='word_1_316' title='bbox 263 4335 552 4422; x_wconf 81' lang='lat' dir='ltr'>quondemtenuit</span> <span class='ocrx_word' id='word_1_317' title='bbox 634 4377 645 4389; x_wconf 90' lang='lat'>·</span> <span class='ocrx_word' id='word_1_318' title='bbox 737 4379 747 4389; x_wconf 87' lang='lat'><em>-</em></span> <span class='ocrx_word' id='word_1_319' title='bbox 838 4379 848 4391; x_wconf 85' lang='lat'>.</span> <span class='ocrx_word' id='word_1_320' title='bbox 939 4381 949 4391; x_wconf 92' lang='lat'>-</span> <span class='ocrx_word' id='word_1_321' title='bbox 1042 4382 1052 4392; x_wconf 89' lang='lat'><em>-</em></span> <span class='ocrx_word' id='word_1_322' title='bbox 1144 4382 1154 4392; x_wconf 90' lang='lat'><em>-</em></span> <span class='ocrx_word' id='word_1_323' title='bbox 1246 4381 1256 4392; x_wconf 92' lang='lat'>-</span> <span class='ocrx_word' id='word_1_324' title='bbox 1348 4379 1359 4391; x_wconf 86' lang='lat'><em>-</em></span> <span class='ocrx_word' id='word_1_325' title='bbox 1450 4379 1460 4390; x_wconf 91' lang='lat'>-</span> <span class='ocrx_word' id='word_1_326' title='bbox 1550 4335 1766 4423; x_wconf 84' lang='lat' dir='ltr'>vj.s.viij.d.</span> 
     </span>
    </p>
   </div>
   <div class='ocr_carea' id='block_1_17' title="bbox 304 4471 1767 4562">
    <p class='ocr_par' dir='ltr' id='par_1_17' title="bbox 304 4471 1767 4562">
     <span class='ocr_line' id='line_1_32' title="bbox 304 4471 1767 4562; baseline -0.006 -20"><span class='ocrx_word' id='word_1_327' title='bbox 304 4473 352 4538; x_wconf 86' lang='lat' dir='ltr'>De</span> <span class='ocrx_word' id='word_1_328' title='bbox 367 4471 553 4559; x_wconf 73' lang='lat' dir='ltr'>Margareta</span> <span class='ocrx_word' id='word_1_329' title='bbox 567 4475 688 4559; x_wconf 85' lang='lat' dir='ltr'>Sorope</span> <span class='ocrx_word' id='word_1_330' title='bbox 704 4497 762 4560; x_wconf 90' lang='lat' dir='ltr'>pro</span> <span class='ocrx_word' id='word_1_331' title='bbox 776 4477 821 4541; x_wconf 89' lang='lat' dir='ltr'>di.</span> <span class='ocrx_word' id='word_1_332' title='bbox 837 4476 861 4543; x_wconf 86' lang='lat' dir='ltr'>f.</span> <span class='ocrx_word' id='word_1_333' title='bbox 877 4478 913 4541; x_wconf 91' lang='lat' dir='ltr'>in</span> <span class='ocrx_word' id='word_1_334' title='bbox 928 4478 1066 4546; x_wconf 69' lang='lat' dir='ltr'>Linon</span> <span class='ocrx_word' id='word_1_335' title='bbox 1080 4487 1114 4543; x_wconf 84' lang='lat' dir='ltr'>et</span> <span class='ocrx_word' id='word_1_336' title='bbox 1128 4480 1338 4559; x_wconf 75' lang='lat' dir='ltr'>Bresnsror,</span> <span class='ocrx_word' id='word_1_337' title='bbox 1355 4475 1441 4562; x_wconf 93' lang='lat' dir='ltr'>quod</span> <span class='ocrx_word' id='word_1_338' title='bbox 1457 4475 1621 4540; x_wconf 86' lang='lat' dir='ltr'>Johnnnes</span> <span class='ocrx_word' id='word_1_339' title='bbox 1637 4471 1767 4555; x_wconf 85' lang='lat' dir='ltr'>Tiptoft</span> 
     </span>
    </p>
   </div>
   <div class='ocr_carea' id='block_1_18' title="bbox 262 4559 1765 4654">
    <p class='ocr_par' dir='ltr' id='par_1_18' title="bbox 262 4559 1765 4654">
     <span class='ocr_line' id='line_1_33' title="bbox 262 4559 1765 4654; baseline -0.001 -29"><span class='ocrx_word' id='word_1_340' title='bbox 262 4561 423 4645; x_wconf 84' lang='lat' dir='ltr'>qnondam</span> <span class='ocrx_word' id='word_1_341' title='bbox 438 4563 546 4626; x_wconf 89' lang='lat' dir='ltr'>tenuit</span> <span class='ocrx_word' id='word_1_342' title='bbox 642 4602 653 4614; x_wconf 93' lang='lat'>-</span> <span class='ocrx_word' id='word_1_343' title='bbox 744 4604 755 4616; x_wconf 86' lang='lat'><em>-</em></span> <span class='ocrx_word' id='word_1_344' title='bbox 1355 4605 1366 4615; x_wconf 91' lang='lat'><em>-</em></span> <span class='ocrx_word' id='word_1_345' title='bbox 1457 4604 1485 4654; x_wconf 91' lang='lat'>·.</span> <span class='ocrx_word' id='word_1_346' title='bbox 1557 4561 1643 4647; x_wconf 68' lang='lat' dir='ltr'>iiis.</span> <span class='ocrx_word' id='word_1_347' title='bbox 1661 4559 1765 4645; x_wconf 82' lang='lat' dir='ltr'>iiij.d.</span> 
     </span>
    </p>
   </div>
   <div class='ocr_carea' id='block_1_19' title="bbox 263 4697 1769 4872">
    <p class='ocr_par' dir='ltr' id='par_1_19' title="bbox 263 4697 1769 4872">
     <span class='ocr_line' id='line_1_34' title="bbox 306 4697 1769 4790; baseline -0.001 -28"><span class='ocrx_word' id='word_1_348' title='bbox 306 4698 354 4762; x_wconf 88' lang='lat' dir='ltr'>De</span> <span class='ocrx_word' id='word_1_349' title='bbox 369 4700 474 4782; x_wconf 88' lang='lat' dir='ltr'>priore</span> <span class='ocrx_word' id='word_1_350' title='bbox 490 4700 531 4764; x_wconf 90' lang='lat' dir='ltr'>de</span> <span class='ocrx_word' id='word_1_351' title='bbox 542 4699 749 4784; x_wconf 88' lang='lat' dir='ltr'>Thurgerton</span> <span class='ocrx_word' id='word_1_352' title='bbox 765 4723 822 4786; x_wconf 90' lang='lat' dir='ltr'>pro</span> <span class='ocrx_word' id='word_1_353' title='bbox 837 4701 911 4790; x_wconf 78' lang='lat' dir='ltr'>iiij‘·</span> <span class='ocrx_word' id='word_1_354' title='bbox 931 4713 1025 4787; x_wconf 80' lang='lat' dir='ltr'>parte</span> <span class='ocrx_word' id='word_1_355' title='bbox 1036 4702 1064 4787; x_wconf 86' lang='lat' dir='ltr'>j.</span> <span class='ocrx_word' id='word_1_356' title='bbox 1080 4703 1102 4767; x_wconf 89' lang='lat' dir='ltr'>f.</span> <span class='ocrx_word' id='word_1_357' title='bbox 1119 4703 1154 4766; x_wconf 89' lang='lat' dir='ltr'>in</span> <span class='ocrx_word' id='word_1_358' title='bbox 1170 4703 1337 4781; x_wconf 69' lang='lat' dir='ltr'>Emenso,</span> <span class='ocrx_word' id='word_1_359' title='bbox 1355 4721 1453 4785; x_wconf 89' lang='lat' dir='ltr'>qnam</span> <span class='ocrx_word' id='word_1_360' title='bbox 1469 4699 1703 4784; x_wconf 87' lang='lat' dir='ltr'>predecessores</span> <span class='ocrx_word' id='word_1_361' title='bbox 1718 4697 1769 4760; x_wconf 88' lang='lat' dir='ltr'>sui</span> 
     </span>
     <span class='ocr_line' id='line_1_35' title="bbox 263 4785 1766 4872; baseline -0.001 -23"><span class='ocrx_word' id='word_1_362' title='bbox 263 4787 425 4868; x_wconf 89' lang='lat' dir='ltr'>qnondam</span> <span class='ocrx_word' id='word_1_363' title='bbox 440 4792 615 4851; x_wconf 86' lang='lat' dir='ltr'>tenuerunt</span> <span class='ocrx_word' id='word_1_364' title='bbox 647 4827 1268 4842; x_wconf 87' lang='grc'><strong>-------</strong></span> <span class='ocrx_word' id='word_1_365' title='bbox 1356 4787 1460 4851; x_wconf 88' lang='lat' dir='ltr'>nichil</span> <span class='ocrx_word' id='word_1_366' title='bbox 1474 4787 1550 4872; x_wconf 89' lang='lat' dir='ltr'>quia</span> <span class='ocrx_word' id='word_1_367' title='bbox 1564 4785 1766 4850; x_wconf 89' lang='lat' dir='ltr'>decimabile.</span> 
     </span>
    </p>
   </div>
   <div class='ocr_carea' id='block_1_20' title="bbox 262 4921 1769 5097">
    <p class='ocr_par' dir='ltr' id='par_1_20' title="bbox 262 4921 1769 5097">
     <span class='ocr_line' id='line_1_36' title="bbox 305 4921 1769 5011; baseline 0.001 -27"><span class='ocrx_word' id='word_1_368' title='bbox 305 4922 355 4986; x_wconf 90' lang='lat' dir='ltr'>De</span> <span class='ocrx_word' id='word_1_369' title='bbox 378 4923 535 4988; x_wconf 84' lang='lat' dir='ltr'>Gervasio</span> <span class='ocrx_word' id='word_1_370' title='bbox 562 4923 602 4986; x_wconf 91' lang='lat' dir='ltr'>de</span> <span class='ocrx_word' id='word_1_371' title='bbox 632 4921 756 4988; x_wconf 84' lang='lat' dir='ltr'>Glilton</span> <span class='ocrx_word' id='word_1_372' title='bbox 787 4945 842 5009; x_wconf 93' lang='lat' dir='ltr'>pro</span> <span class='ocrx_word' id='word_1_373' title='bbox 868 4925 896 5011; x_wconf 91' lang='lat' dir='ltr'>j.</span> <span class='ocrx_word' id='word_1_374' title='bbox 919 4926 942 4992; x_wconf 86' lang='lat' dir='ltr'>f.</span> <span class='ocrx_word' id='word_1_375' title='bbox 965 4927 1001 4989; x_wconf 90' lang='lat' dir='ltr'>in</span> <span class='ocrx_word' id='word_1_376' title='bbox 1031 4927 1225 5003; x_wconf 78' lang='lat' dir='ltr'>Bnoonros,</span> <span class='ocrx_word' id='word_1_377' title='bbox 1247 4925 1333 5008; x_wconf 88' lang='lat' dir='ltr'>quod</span> <span class='ocrx_word' id='word_1_378' title='bbox 1364 4923 1537 4988; x_wconf 84' lang='lat' dir='ltr'>Gervasius</span> <span class='ocrx_word' id='word_1_379' title='bbox 1567 4923 1606 4986; x_wconf 92' lang='lat' dir='ltr'>de</span> <span class='ocrx_word' id='word_1_380' title='bbox 1632 4923 1769 4999; x_wconf 82' lang='lat' dir='ltr'>Oliiton,</span> 
     </span>
     <span class='ocr_line' id='line_1_37' title="bbox 262 5010 1765 5097; baseline 0.001 -25"><span class='ocrx_word' id='word_1_381' title='bbox 262 5017 442 5074; x_wconf 86' lang='lat' dir='ltr'>antecessor</span> <span class='ocrx_word' id='word_1_382' title='bbox 456 5030 544 5089; x_wconf 89' lang='lat' dir='ltr'>suus,</span> <span class='ocrx_word' id='word_1_383' title='bbox 561 5011 723 5093; x_wconf 84' lang='lat' dir='ltr'>quondam</span> <span class='ocrx_word' id='word_1_384' title='bbox 738 5015 848 5077; x_wconf 86' lang='lat' dir='ltr'>tenuit</span> <span class='ocrx_word' id='word_1_385' title='bbox 951 5053 962 5064; x_wconf 95' lang='lat'><em>-</em></span> <span class='ocrx_word' id='word_1_386' title='bbox 1052 5052 1063 5063; x_wconf 95' lang='lat'>·</span> <span class='ocrx_word' id='word_1_387' title='bbox 1154 5052 1164 5062; x_wconf 97' lang='lat'>-</span> <span class='ocrx_word' id='word_1_388' title='bbox 1255 5051 1266 5062; x_wconf 92' lang='lat'><em>-</em></span> <span class='ocrx_word' id='word_1_389' title='bbox 1356 5051 1367 5062; x_wconf 93' lang='lat'>-</span> <span class='ocrx_word' id='word_1_390' title='bbox 1458 5050 1469 5062; x_wconf 96' lang='lat'>·</span> <span class='ocrx_word' id='word_1_391' title='bbox 1558 5010 1635 5095; x_wconf 61' lang='lat' dir='ltr'>vic.</span> <span class='ocrx_word' id='word_1_392' title='bbox 1653 5010 1765 5097; x_wconf 87' lang='lat' dir='ltr'>viij.d.</span> 
     </span>
    </p>
   </div>
   <div class='ocr_carea' id='block_1_21' title="bbox 261 5153 1768 5328">
    <p class='ocr_par' dir='ltr' id='par_1_21' title="bbox 261 5153 1768 5328">
     <span class='ocr_line' id='line_1_38' title="bbox 305 5153 1768 5242; baseline 0 -26"><span class='ocrx_word' id='word_1_393' title='bbox 305 5153 353 5217; x_wconf 92' lang='lat' dir='ltr'>De</span> <span class='ocrx_word' id='word_1_394' title='bbox 366 5154 508 5217; x_wconf 86' lang='lat' dir='ltr'>Henrioo</span> <span class='ocrx_word' id='word_1_395' title='bbox 522 5153 690 5237; x_wconf 87' lang='lat' dir='ltr'>Perpount</span> <span class='ocrx_word' id='word_1_396' title='bbox 705 5156 903 5240; x_wconf 71' lang='lat' dir='ltr'>proditio</span> <span class='ocrx_word' id='word_1_397' title='bbox 920 5157 1064 5220; x_wconf 81' lang='lat' dir='ltr'>manerio</span> <span class='ocrx_word' id='word_1_398' title='bbox 1081 5155 1121 5219; x_wconf 89' lang='lat' dir='ltr'>de</span> <span class='ocrx_word' id='word_1_399' title='bbox 1137 5156 1272 5235; x_wconf 78' lang='lat' dir='ltr'>Honore,</span> <span class='ocrx_word' id='word_1_400' title='bbox 1286 5155 1373 5242; x_wconf 91' lang='lat' dir='ltr'>quod</span> <span class='ocrx_word' id='word_1_401' title='bbox 1385 5155 1589 5233; x_wconf 86' lang='lat' dir='ltr'>Edmundus‚</span> <span class='ocrx_word' id='word_1_402' title='bbox 1604 5155 1768 5240; x_wconf 83' lang='lat' dir='ltr'>quondam</span> 
     </span>
     <span class='ocr_line' id='line_1_39' title="bbox 261 5241 1766 5328; baseline 0.002 -25"><span class='ocrx_word' id='word_1_403' title='bbox 261 5242 668 5321; x_wconf 79' lang='lat' dir='ltr'>antecessoreuue,tenuit</span> <span class='ocrx_word' id='word_1_404' title='bbox 756 5282 767 5293; x_wconf 94' lang='lat'>-</span> <span class='ocrx_word' id='word_1_405' title='bbox 857 5283 868 5294; x_wconf 93' lang='lat'>-</span> <span class='ocrx_word' id='word_1_406' title='bbox 959 5284 969 5295; x_wconf 92' lang='lat'>-</span> <span class='ocrx_word' id='word_1_407' title='bbox 1061 5282 1071 5294; x_wconf 91' lang='lat'>·</span> <span class='ocrx_word' id='word_1_408' title='bbox 1161 5283 1173 5294; x_wconf 95' lang='lat'>-</span> <span class='ocrx_word' id='word_1_409' title='bbox 1467 5280 1478 5294; x_wconf 94' lang='lat'>-</span> <span class='ocrx_word' id='word_1_410' title='bbox 1567 5241 1766 5328; x_wconf 83' lang='lat' dir='ltr'>iij.r.iiij.d.</span> 
     </span>
    </p>
   </div>
   <div class='ocr_carea' id='block_1_22' title="bbox 263 5376 1770 5550">
    <p class='ocr_par' dir='ltr' id='par_1_22' title="bbox 263 5376 1770 5550">
     <span class='ocr_line' id='line_1_40' title="bbox 304 5376 1770 5465; baseline -0.003 -22"><span class='ocrx_word' id='word_1_411' title='bbox 304 5377 352 5443; x_wconf 88' lang='lat' dir='ltr'>De</span> <span class='ocrx_word' id='word_1_412' title='bbox 366 5378 440 5465; x_wconf 80' lang='lat' dir='ltr'>viij·</span> <span class='ocrx_word' id='word_1_413' title='bbox 461 5383 553 5462; x_wconf 86' lang='lat' dir='ltr'>parte</span> <span class='ocrx_word' id='word_1_414' title='bbox 574 5377 721 5463; x_wconf 82' lang='lat' dir='ltr'>ejusdem</span> <span class='ocrx_word' id='word_1_415' title='bbox 746 5377 835 5442; x_wconf 85' lang='lat' dir='ltr'>feodi</span> <span class='ocrx_word' id='word_1_416' title='bbox 859 5379 894 5442; x_wconf 93' lang='lat' dir='ltr'>in</span> <span class='ocrx_word' id='word_1_417' title='bbox 916 5381 1105 5457; x_wconf 80' lang='lat' dir='ltr'>Annonrorr,</span> <span class='ocrx_word' id='word_1_418' title='bbox 1132 5399 1194 5461; x_wconf 90' lang='lat' dir='ltr'>que</span> <span class='ocrx_word' id='word_1_419' title='bbox 1219 5384 1271 5441; x_wconf 85' lang='lat' dir='ltr'>est</span> <span class='ocrx_word' id='word_1_420' title='bbox 1294 5378 1433 5461; x_wconf 86' lang='lat' dir='ltr'>parcella</span> <span class='ocrx_word' id='word_1_421' title='bbox 1457 5377 1539 5440; x_wconf 90' lang='lat' dir='ltr'>dicti</span> <span class='ocrx_word' id='word_1_422' title='bbox 1564 5377 1703 5440; x_wconf 85' lang='lat' dir='ltr'>manerii</span> <span class='ocrx_word' id='word_1_423' title='bbox 1729 5376 1770 5439; x_wconf 90' lang='lat' dir='ltr'>de</span> 
     </span>
     <span class='ocr_line' id='line_1_41' title="bbox 263 5463 1767 5550; baseline 0.001 -20"><span class='ocrx_word' id='word_1_424' title='bbox 263 5463 395 5547; x_wconf 67' lang='lat' dir='ltr'>Here,</span> <span class='ocrx_word' id='word_1_425' title='bbox 410 5466 497 5550; x_wconf 88' lang='lat' dir='ltr'>qood</span> <span class='ocrx_word' id='word_1_426' title='bbox 513 5465 669 5529; x_wconf 86' lang='lat' dir='ltr'>Ricardus</span> <span class='ocrx_word' id='word_1_427' title='bbox 685 5463 824 5549; x_wconf 81' lang='lat' dir='ltr'>Strelley</span> <span class='ocrx_word' id='word_1_428' title='bbox 839 5468 988 5530; x_wconf 88' lang='lat' dir='ltr'>tenuit·</span> <span class='ocrx_word' id='word_1_429' title='bbox 1080 5504 1091 5515; x_wconf 95' lang='lat'>-</span> <span class='ocrx_word' id='word_1_430' title='bbox 1182 5504 1191 5515; x_wconf 93' lang='lat'>-</span> <span class='ocrx_word' id='word_1_431' title='bbox 1280 5464 1383 5526; x_wconf 91' lang='lat' dir='ltr'>nichil</span> <span class='ocrx_word' id='word_1_432' title='bbox 1399 5465 1475 5548; x_wconf 88' lang='lat' dir='ltr'>qnia</span> <span class='ocrx_word' id='word_1_433' title='bbox 1491 5469 1603 5528; x_wconf 89' lang='lat' dir='ltr'>contra</span> <span class='ocrx_word' id='word_1_434' title='bbox 1617 5464 1767 5532; x_wconf 85' lang='lat' dir='ltr'>formam.</span> 
     </span>
    </p>
   </div>
   <div class='ocr_carea' id='block_1_23' title="bbox 0 0 2081 6209">
    <p class='ocr_par' dir='ltr' id='par_1_23' title="bbox 0 0 2081 6209">
     <span class='ocr_line' id='line_1_42' title="bbox 0 0 2081 6209; baseline 0 0"><span class='ocrx_word' id='word_1_435' title='bbox 0 0 2081 6209; x_wconf 95' lang='lat' dir='ltr'> </span> 
     </span>
    </p>
   </div>
  </div>
 </body>
</html>
