4117 6209
241 652 245 658 ·
272 621 336 687 172
924 624 1114 693 OXFORD.

1084 913 1240 978 ssuuus
1254 897 1294 979 re
1308 914 1419 980 earm.

1084 1001 1275 1065 Edmundus
1291 1001 1412 1067 Bacou.

1021 1084 1033 1095 “
1083 1089 1241 1173 Magister
1255 1088 1296 1152 de
1311 1087 1519 1155 Mertonhall.

316 1219 404 1282 Villa
429 1221 469 1282 de
493 1221 630 1287 Hssuns
654 1222 872 1289 Massicum
897 1225 1034 1290 Hasuuu
1068 1226 1181 1311 (Hugo
1195 1225 1226 1289 le
1242 1225 1388 1309 Speuser.

403 1307 521 1386 Parus,
534 1309 725 1387 Licus-uun,
736 1310 890 1377 Rnrcoru
902 1311 1034 1390 hiacus,
1063 1311 1267 1376 lWillelmus
1283 1311 1485 1378 Scatebrolre.

404 1400 439 1458 et
453 1394 607 1462 Rurcors
623 1397 731 1462 Psavr
818 1438 829 1449 .
920 1439 930 1450 .
1020 1439 1032 1452 .
1067 1381 1181 1464 (Fulco
1196 1398 1236 1464 de
1251 1400 1408 1484 Ruycote.

316 949 405 1012 Villa
434 950 475 1014 de
505 953 731 1021 Burosrwsrn
769 976 843 1018 curn
884 956 1035 1034 Consu,

402 1038 674 1107 Wosrunsoasvn
688 1047 723 1105 et
738 1042 911 1110 Esrrsnou-

872 1745 971 1817 Μ).
1013 1745 1171 1820 1401-2.

318 1926 483 1992 Particule
507 1929 650 2009 compoti
674 1926 834 1993 iohannis
849 1931 1026 2014 Wylcotes,
1042 1932 1245 1996 vicecomitis
1272 1929 1408 2006 Oronie,
1422 1935 1455 1993 et
1469 1929 1628 1993 Willelmi
1649 1929 1776 2008 Hilton,

275 2016 448 2079 escaetoris
472 2016 622 2100 ejusdem
651 2017 835 2096 comitatus,
851 2017 1009 2082 Johaunis
1024 2019 1213 2102 Abberbury
1230 2023 1264 2081 et
1281 2017 1415 2082 Roberti
1436 2016 1556 2094 lamas,
1572 2016 1778 2080 collectorum

275 2102 482 2166 racionabilis
510 2103 624 2164 auxilii
656 2123 714 2184 pro
747 2103 922 2185 Blancbea,
952 2106 1171 2190 primogenita
1202 2106 1269 2169 tilia
1300 2107 1387 2188 regis
1412 2105 1607 2179 maritanda,
1632 2104 1780 2167 indicto

276 2191 435 2252 comitatu
460 2188 583 2251 Orouie
608 2190 702 2272 juxta
725 2189 862 2255 formam
890 2193 1006 2256 statuli
1021 2194 1055 2256 in
1072 2193 1285 2276 parliamento
1301 2193 1424 2256 domini
1442 2191 1591 2256 Edwardi
1606 2193 1710 2269 tercii,
1727 2192 1777 2252 avi

276 2276 363 2359 regis
377 2273 488 2360 hujus,
504 2295 588 2337 anno
603 2277 695 2359 regni
711 2278 762 2338 sui
778 2282 865 2341 rrrv‘o
886 2284 979 2342 tento
1001 2281 1084 2342 editi
1113 2280 1263 2344 videlicet
1289 2278 1329 2342 de
1353 2275 1528 2365 [quolibet]
1551 2277 1643 2341 feodo
1664 2278 1780 2342 militis

276 2370 367 2426 tento
391 2361 431 2423 de
457 2382 533 2445 rege
556 2363 625 2424 sine
650 2362 758 2426 medio
782 2387 865 2430 xus.
883 2373 919 2429 et
933 2386 996 2428 non
1013 2366 1099 2448 plus,
1114 2371 1148 2430 et
1162 2366 1204 2430 de
1220 2364 1278 2432 xx‘¹
1300 2366 1427 2430 libratis
1443 2371 1524 2430 terre
1540 2366 1640 2428 tentis
1655 2367 1696 2429 de
1710 2365 1779 2448 regi

275 2451 310 2513 in
326 2449 455 2532 socagio
471 2450 541 2510 sine
556 2449 663 2512 medio
678 2471 761 2515 rma.
778 2459 813 2515 et
827 2473 892 2515 non
908 2453 992 2536 plns,
1002 2455 1124 2517 virtute
1140 2453 1323 2517 litterarum
1340 2455 1425 2537 regis
1440 2453 1628 2536 pateucium
1645 2452 1779 2538 prefatis

276 2535 503 2599 collectoribus
517 2535 595 2599 inde
610 2537 806 2602 directarum
822 2545 856 2603 et
882 2561 981 2623 penes
1007 2542 1065 2604 bas
1090 2540 1265 2622 particulas
1289 2542 1540 2614 remanentium,
1557 2539 1711 2604 videlicet
1736 2539 1777 2600 de

275 2622 463 2706 hujusmodi
477 2623 609 2702 auxilio,
626 2630 663 2686 ut
679 2624 764 2688 iufra
775 2651 828 2689 :-
881 2643 887 2654 ·

322 2810 409 2873 item
423 2809 565 2874 reddunt
582 2817 769 2895 compotum
784 2813 824 2876 de
840 2814 937 2900 xiid.
954 2816 1095 2898 receptis
1111 2814 1150 2878 de
1164 2812 1337 2876 heredibus
1359 2810 1535 2874 Baldewidi
1554 2810 1621 2884 (sic)
1639 2809 1679 2870 de
1696 2810 1779 2871 Veer

277 2919 335 2981 pro
350 2907 406 2964 xx·
427 2903 519 2981 parte
530 2897 558 2981 j.
574 2897 598 2962 f.
615 2919 662 2964 m.
679 2900 712 2962 in
730 2899 852 2966 Maesa
867 2901 976 2980 lawe,
988 2921 1084 2986 quam
1102 2906 1193 2965 tenet
1207 2898 1245 2961 de
1261 2919 1336 2982 rege
1351 2899 1403 2961 ic.
1413 2898 1482 2959 sine
1498 2893 1615 2970 medio,
1627 2895 1776 2956 videlicet

276 2985 370 3071 juxta
384 2985 591 3049 affereuciam
606 3008 688 3051 xus.
705 3007 763 3070 pro
778 2989 802 3072 j.
818 2989 841 3052 f.
856 3010 901 3054 m.
918 2991 1004 3053 sicut
1018 2989 1203 3052 continetur
1216 2988 1251 3048 iu
1272 2985 1413 3067 quadam
1435 2979 1649 3064 inquisicione
1671 2997 1776 3041 coram

276 3073 426 3137 Johanne
440 3072 607 3156 Wylcotes
625 3079 692 3152 (etc.
710 3097 746 3140 aa
761 3077 880 3154 abore).

320 3212 366 3275 Et
380 3212 420 3275 de
436 3233 520 3278 xrs.
535 3213 674 3295 receptis
689 3212 729 3277 dc
745 3216 901 3278 maneriis
915 3215 956 3278 de
972 3215 1105 3280 Bassos
1120 3218 1154 3276 et
1171 3211 1343 3280 Srsuurou
1369 3207 1477 3276 Surus
1498 3204 1588 3272 Jonu
1612 3202 1714 3268 tentis
1736 3201 1777 3264 de

276 3301 409 3364 domiuo
424 3321 500 3384 rege
516 3300 586 3363 sine
602 3299 711 3364 medio
727 3323 783 3386 per
798 3304 970 3367 servicium
982 3302 1010 3385 j.
1026 3303 1051 3366 t.
1068 3322 1112 3367 m.
1129 3305 1192 3363 etc.

320 3439 365 3501 Et-
379 3439 420 3502 de
435 3460 520 3505 xus.
533 3439 674 3521 receptis
688 3439 730 3502 de
746 3440 890 3503 manerio
905 3440 944 3503 de
959 3439 1095 3504 Eussner
1111 3440 1206 3500 tento
1221 3431 1262 3496 de
1276 3433 1410 3497 domiuo
1424 3449 1501 3514 rege
1516 3431 1586 3493 sine
1601 3427 1709 3493 medio
1724 3447 1781 3511 per

277 3527 448 3590 servicium
459 3526 487 3609 j.
503 3526 525 3589 f.
542 3547 586 3592 m.
603 3533 667 3589 etc.

321 3664 366 3726 Et
380 3664 421 3727 de
436 3663 512 3729 xlc.
529 3665 668 3746 receptis
683 3664 723 3726 de
739 3663 913 3727 heredibus
928 3662 1064 3726 Gerardi
1080 3662 1120 3724 de
1131 3658 1342 3745 Odyngselles
1352 3665 1386 3721 et
1396 3654 1531 3721 Gerardi
1542 3652 1583 3718 de
1596 3653 1780 3736 Lendeseye

278 3772 335 3835 pro
352 3751 388 3835 ij.
404 3751 427 3814 f.
443 3771 488 3816 m.
504 3752 538 3813 in
554 3748 763 3812 Bnanawsuu
777 3752 881 3814 tentis
895 3749 1016 3815 ibidem
1033 3749 1072 3813 de
1087 3769 1163 3834 rege
1178 3749 1247 3811 siue
1261 3746 1370 3811 medio
1384 3751 1445 3808 etc.

322 3886 371 3949 De
399 3885 523 3948 auxilio
551 3886 662 3968 aliquo
690 3891 819 3968 recepto
855 3883 927 3972 [de]
962 3891 1085 3949 rectore
1121 3883 1162 3947 de
1199 3880 1384 3966 Edyugdon
1429 3873 1517 3964 [pro]
1563 3874 1708 3938 manerio
1740 3873 1781 3936 de

278 3975 473 4040 Wnshwsrm
488 3977 582 4036 tento
596 3973 637 4034 de
653 3972 786 4035 domino
800 3992 877 4057 rege
891 3974 943 4037 i.c.
960 3974 1032 4036 sine
1046 3972 1156 4036 medio
1172 3991 1229 4054 per
1244 3968 1417 4032 servicium
1433 3966 1477 4030 di.
1494 3963 1517 4028 1.
1534 3984 1579 4028 m.
1596 3967 1657 4025 etc.

322 4110 370 4173 De
395 4110 505 4190 aliquo
529 4109 652 4171 auxilio
675 4116 805 4192 recepto
831 4107 871 4171 de
897 4117 1020 4173 rectore
1047 4109 1088 4172 de
1110 4107 1286 4192 Edyngtou
1303 4124 1359 4187 pro
1374 4100 1521 4165 manerio
1536 4097 1577 4160 de
1593 4097 1784 4159 Anvnscors

280 4201 372 4261 tento
386 4197 427 4259 de
442 4216 518 4278 rege
532 4197 584 4260 i.c.
601 4197 672 4259 sinc
688 4197 797 4258 medio
811 4215 870 4278 per
884 4197 1054 4260 servicium
1069 4196 1115 4260 di.
1132 4195 1155 4259 l.
1172 4215 1217 4259 m.
1234 4197 1298 4255 etc.
1324 4209 1387 4252 uon
1415 4183 1610 4286 respondent
1637 4201 1674 4243 eo
1697 4178 1783 4264 quod

279 4305 335 4349 rex
358 4283 518 4348 concessit
543 4284 651 4347 eidem
676 4285 795 4346 rectori
821 4285 908 4366 quod
935 4285 979 4347 sit
1004 4284 1137 4366 quietus
1162 4282 1202 4344 de
1227 4277 1424 4342 omnimodis
1439 4272 1572 4338 auxrhrs
1586 4288 1644 4353 per
1659 4274 1782 4330 cartam

278 4372 383 4456 ipsius
398 4372 522 4434 domiui
537 4372 622 4456 regis
637 4370 748 4433 datam
765 4368 865 4519 xxip‘)lo
881 4371 936 4434 die
952 4378 986 4434 et
1005 4373 1074 4448 (ric)
1091 4366 1286 4432 Novembris
1300 4385 1386 4427 anuo
1413 4359 1554 4425 secundo
1579 4352 1784 4454 irrotulatam

279 4462 314 4523 in
340 4458 559 4522 memorandis
582 4457 622 4521 de
649 4459 788 4521 termino
841 4455 936 4521 asche
956 4456 1092 4520 Domini
1106 4475 1191 4519 anno
1205 4453 1349 4517 secundo
1364 4471 1405 4513 ex
1419 4453 1511 4533 parte
1527 4447 1783 4508 rememoratorrs

177 4592 179 4596 -
279 4548 415 4632 regisse
429 4566 486 4630 per
498 4544 596 4608 breve
611 4545 696 4629 regis
711 4545 752 4607 de
767 4564 887 4629 magno
913 4545 1023 4629 sigillo
1049 4545 1164 4607 dutum
1188 4541 1290 4626 xxvjl⁰
1311 4539 1363 4601 die
1389 4536 1510 4620 Aprilis
1533 4551 1619 4595 auno
1644 4526 1785 4593 secundo

147 4704 152 4714 ι
280 4633 489 4698 irrotulatum
504 4633 538 4695 in
554 4631 771 4695 memorandis
786 4632 826 4695 de
841 4633 984 4695 termino
995 4631 1118 4695 Pascha
1132 4650 1171 4694 ex
1186 4634 1278 4712 parte
1294 4622 1555 4690 rememoratoris
1571 4618 1657 4702 regis
1672 4615 1786 4678 eodem

279 4741 363 4784 anno
378 4719 520 4784 secundo
535 4719 643 4782 rotulo
657 4720 759 4782 tercio
773 4719 814 4782 de
827 4718 999 4796 allocaudo
1014 4725 1139 4782 cartam
1154 4715 1346 4800 predictam.

323 4856 367 4919 Et
381 4857 421 4918 dc
438 4877 501 4919 υ.
518 4855 660 4936 receptis
675 4854 715 4916 de
730 4852 849 4918 herede
864 4853 1043 4920 Thurstaui
1058 4853 1089 4918 le
1105 4853 1306 4937 Despeusare
1321 4868 1379 4932 pro
1396 4853 1527 4944 centum
1542 4836 1688 4902 solidatis
1703 4841 1788 4897 terre

278 4944 592 5115 isdrjdnotiddrndlbm
625 4943 693 5020 (sic)
722 4941 845 5009 Mesua
875 4945 977 5007 tentis
1006 4944 1048 5007 de
1078 4943 1211 5007 domino
1240 4957 1316 5022 rege
1346 4936 1415 4999 siue
1439 4930 1548 4996 medro
1574 4945 1630 5009 per
1654 4939 1785 5006 parvam

323 5168 367 5232 Et
382 5167 422 5231 de
438 5167 505 5254 ijs.
520 5166 664 5250 receptis
679 5166 720 5230 de
734 5166 853 5233 Emma
867 5169 909 5233 de
924 5169 1093 5253 Hamptou
1108 5189 1166 5252 pro
1185 5165 1230 5233 xl.
1256 5160 1404 5228 solidatis
1431 5161 1516 5222 terre
1543 5155 1577 5218 in
1605 5151 1787 5252 Nnvvrorou

279 5258 380 5319 tentis
394 5255 433 5318 de
448 5255 579 5318 domino
593 5274 670 5340 rege
684 5255 720 5318 in
735 5259 864 5342 socagio
878 5279 937 5344 per
951 5258 1125 5322 servicium
1142 5252 1300 5322 cindendi
1316 5267 1438 5334 pannos
1453 5245 1556 5310 lineos
1567 5241 1692 5344 domrnr
1705 5251 1790 5338 regis

278 5349 314 5408 et
328 5344 439 5429 regine
456 5341 609 5406 videlicet
622 5343 719 5429 juxta
733 5343 939 5412 afferenciam
955 5366 1042 5413 xus.
1059 5367 1118 5432 pro
1145 5343 1264 5432 viginti
1290 5337 1418 5403 libratis
1442 5339 1530 5398 terre
1560 5349 1607 5395 erc
1632 5331 1734 5390 tentrs
1749 5321 1788 5382 de

279 5453 356 5516 rege
371 5432 441 5495 siue
456 5429 564 5496 medio
578 5435 642 5500 etc.
