4117 6209
317 655 379 716 118
910 654 1218 722 NOTTINGHAM.

361 1168 409 1232 Dc
419 1168 567 1232 Johanne
582 1172 622 1234 de
634 1172 834 1235 Aldesworth
848 1195 906 1256 pro
922 1175 965 1238 di.
976 1174 997 1238 s.
1009 1177 1043 1237 in
1056 1175 1286 1240 Asnaswoam
1301 1174 1340 1236 de
1352 1173 1524 1257 Radulpho
1540 1175 1579 1237 de
1596 1173 1817 1248 crambes-cll,

317 1257 402 1338 quod
418 1257 579 1322 Robertus
594 1259 636 1322 de
651 1260 851 1344 Kynmerley
866 1262 1029 1344 quondam
1045 1264 1154 1324 tenuit
1227 1302 1644 1313 -----
1733 1283 1782 1325 xx.
1791 1284 1816 1324 s.

360 1395 410 1460 Dc
423 1397 539 1462 abbate
552 1398 593 1462 de
609 1399 641 1461 la
655 1399 734 1462 Dale
749 1420 806 1482 pro
822 1405 936 1463 octava
953 1404 1045 1482 parte
1059 1400 1084 1485 j.
1102 1400 1125 1464 f.
1143 1402 1176 1462 in
1194 1401 1356 1466 Tsowaaa
1372 1401 1411 1462 dc
1426 1399 1484 1462 illa
1499 1406 1614 1484 quarta
1637 1403 1729 1482 parte
1752 1400 1775 1483 j.
1792 1399 1814 1462 f.

316 1485 356 1546 dc
372 1505 434 1569 qua
449 1485 537 1548 idem
553 1486 650 1550 abbas
664 1492 816 1550 oneratur
831 1487 866 1550 in
881 1487 1057 1551 evidenciis
1073 1489 1224 1551 scaccarii
1244 1527 1660 1539 -----
1750 1507 1779 1551 v.
1789 1506 1815 1550 s.

358 1623 406 1774 {a
428 1625 536 1774 tpriora
561 1626 602 1688 de
629 1625 879 1712 Sempringham
906 1647 964 1710 pro
989 1633 1105 1690 octava
1128 1631 1220 1709 parte
1250 1627 1273 1712 j.
1300 1626 1322 1692 f.
1348 1626 1476 1690 residua
1505 1627 1546 1688 de
1576 1632 1694 1708 quarta
1723 1630 1816 1707 parte

317 1731 373 1794 pre
397 1733 426 1774 10
443 1733 463 1774 a
530 1749 1660 1765 ............
1748 1734 1778 1777 v,
1789 1737 1815 1777 ⁸,

361 1847 408 1910 De
425 1847 572 1913 Johanne
588 1850 628 1912 de
643 1848 777 1933 Wylayc
793 1872 850 1933 pro
865 1851 981 1935 quinta
996 1856 1088 1933 parta
1103 1856 1137 1913 et
1151 1851 1275 1913 duabus
1291 1851 1438 1933 partibus
1455 1851 1700 1934 quadragesime
1717 1851 1818 1932 partis

318 1935 359 1998 de
374 1937 431 1998 illo
446 1936 491 2002 di.
507 1937 530 2002 f.
546 1938 633 2020 quod
648 1937 831 2001 Willelmus
846 1939 886 2002 de
902 1938 1060 2022 Ryselcye
1076 1938 1237 2022 quondam
1254 1941 1361 2001 tenuit
1377 1939 1411 2000 in
1427 1939 1639 2110 Baacscoffij
1661 2049 1675 2089 8
1705 2025 1760 2110 Viij
1783 2021 1805 2086 d

362 2165 411 2228 De
425 2166 532 2246 priore
547 2165 585 2227 de
601 2162 849 2248 Sempringham
864 2185 923 2247 pro
937 2168 1052 2248 quarta
1068 2171 1160 2247 parta
1176 2168 1208 2228 et
1225 2165 1390 2229 tricesima
1404 2173 1495 2247 parte
1510 2164 1534 2248 j.
1545 2165 1567 2226 f.
1579 2163 1619 2226 de
1636 2164 1723 2226 dicto
1739 2164 1782 2227 di.
1796 2164 1817 2227 f.

318 2250 403 2334 quod
419 2251 602 2314 Willclmus
617 2253 657 2314 de
675 2253 811 2335 Ryseley
825 2253 988 2334 quondam
1004 2254 1114 2316 tenuit
1215 2293 1225 2303 -
1316 2293 1327 2302 -
1417 2293 1428 2302 -
1518 2291 1529 2302 ·
1618 2252 1697 2336 xj.s.
1715 2251 1817 2336 iiija.

361 2387 411 2450 De
427 2387 564 2450 Ricardo
579 2389 619 2450 de
634 2388 819 2472 Wylughby
835 2410 891 2472 pro
906 2395 999 2453 sexta
1014 2393 1106 2472 parte
1132 2390 1156 2474 j.
1172 2389 1195 2452 f.
1213 2390 1246 2450 in
1262 2389 1471 2467 Basvscoss,
1489 2409 1585 2470 quam
1603 2388 1765 2451 chricus
1780 2390 1819 2451 dc

320 2474 517 2538 Birchewold
532 2476 696 2559 quondam
711 2478 822 2543 tenuit
895 2516 1515 2527 -------
1605 2478 1648 2560 vj.
1659 2500 1685 2540 s.
1703 2477 1772 2561 viij.
1785 2475 1817 2540 cl.

364 2614 412 2677 De
428 2614 593 2677 Willelmo
608 2614 649 2677 de
664 2615 784 2697 Amyas
799 2635 858 2696 pro
873 2621 990 2697 quarta
1005 2620 1097 2697 parte
1111 2614 1135 2700 j.
1153 2615 1177 2678 f.
1193 2616 1229 2676 in
1245 2616 1453 2692 Wssasowa
1478 2634 1574 2697 quam
1600 2614 1759 2678 Robcrtus
1781 2615 1820 2677 de

322 2702 520 2785 Kynmerlcy
535 2702 696 2786 quondam
714 2703 824 2765 tenuit
841 2741 1664 2753 ---------
1754 2725 1817 2767 xa.

364 2840 412 2902 De
436 2841 561 2924 Agnetc
593 2840 634 2903 de
664 2839 789 2903 Belowe
818 2861 874 2923 pro
904 2843 1020 2924 quinta
1050 2845 1143 2924 parte
1175 2840 1199 2924 j.
1225 2841 1247 2905 f.
1279 2841 1315 2902 in
1339 2841 1568 2906 Asnaswossn
1594 2840 1634 2901 dc
1661 2838 1753 2901 feodo
1779 2841 1818 2900 de

320 2927 542 3004 Croumbwell‚
558 2949 656 3012 quam
671 2929 759 2991 dicta
773 2929 882 3013 Agnes
898 2929 1061 3014 quondam
1077 2929 1186 2991 tenuit
1211 2967 1627 2979 -----
1715 2926 1817 3010 viij.s.

653 3063 872 3129 {denariorum
882 3064 1031 3149 :—lij.la'.
1049 3067 1122 3131 ias.
1140 3065 1250 3150 viijal.

668 3153 835 3218 feodorum
847 3155 986 3241 z—xxvj.
1002 3155 1026 3220 f.
1043 3163 1157 3239 quarta
1172 3174 1245 3236 pars
1260 3157 1396 3236 excepta
1412 3161 1484 3215 cxx*
1504 3155 1596 3236 parte
1612 3151 1637 3236 j.
1655 3151 1677 3214 f.

482 3109 616 3172 Summa
647 3123 659 3228 1

817 3422 1037 3486 Hunaaanuss
1056 3431 1103 3485 'aa
1128 3419 1335 3486 NEWERK.

368 3555 415 3616 l)e
441 3554 565 3616 Thoma
590 3553 631 3615 de
653 3554 685 3615 le
712 3552 793 3616 Bret
818 3574 874 3636 pro
899 3554 923 3638 j.
949 3553 973 3617 f.
998 3559 1033 3615 ct
1058 3553 1103 3618 di.
1129 3554 1163 3614 in
1189 3553 1443 3618 Tuomcauasna
1467 3556 1501 3615 et
1526 3553 1744 3627 Wsaaasaasa
1761 3571 1821 3633 que

324 3641 481 3704 Ricardus
496 3642 536 3703 de
552 3641 581 3702 lc
598 3639 675 3702 Bret
692 3641 854 3724 quondam
868 3641 979 3704 tenuit
1036 3679 1658 3690 -------
1748 3637 1821 3700 las.

367 3779 415 3840 De
441 3778 589 3840 Gilbcrto
614 3778 654 3838 dc
682 3776 875 3858 Braydcsale
900 3798 957 3860 pro
984 3783 1100 3861 quarta
1125 3781 1215 3859 parte
1241 3777 1266 3862 j.
1291 3777 1313 3842 f.
1340 3778 1375 3840 in
1400 3777 1517 3843 Nossa
1542 3777 1697 3854 Cmssosc,
1725 3795 1822 3858 quam

325 3865 509 3927 Willelmus
523 3865 564 3926 de
580 3863 770 3947 Breydesale
783 3864 947 3946 quondam
963 3867 1073 3928 tenuit
1150 3903 1669 3914 ------
1759 3885 1821 3926 aas.
1850 3854 1866 3874 ⁹

370 4003 418 4064 De
444 4001 592 4065 Johanne
618 4001 725 4086 Pygot
751 4022 808 4084 pro
831 4006 944 4066 octava
968 4007 1059 4086 parte
1083 4003 1107 4088 j.
1123 4002 1147 4068 f.
1175 4004 1208 4065 in
1234 4003 1359 4081 eadem,
1383 4021 1480 4086 quam
1498 3999 1699 4062 Baldewinus
1715 3999 1824 4084 Pygot

326 4091 488 4176 quondam
504 4090 614 4152 tenuit
644 4127 1668 4141 -----------
1760 4107 1823 4150 v.a.

370 4228 417 4289 Dc
442 4228 566 4290 Thoma
588 4227 656 4289 filio
669 4225 739 4288 Ade
766 4247 822 4309 pro
846 4231 959 4291 octava
985 4234 1076 4310 parte
1101 4229 1125 4314 j.
1145 4230 1165 4293 f.
1190 4229 1224 4290 in
1249 4227 1374 4305 cadem,
1397 4245 1493 4308 quam
1519 4223 1617 4308 Hugo
1644 4222 1731 4285 filius
1756 4223 1825 4285 Adc

326 4316 489 4401 quondam
504 4316 614 4378 tenuit
645 4351 1672 4366 -----------
1763 4332 1823 4375 v.s.

370 4455 420 4517 De
435 4456 558 4516 Thoma
573 4453 612 4516 de
628 4451 795 4516 Chaworth
810 4472 867 4534 pro
883 4456 975 4515 sexta
990 4457 1080 4535 parte
1095 4455 1119 4537 j.
1133 4453 1156 4518 f.
1173 4455 1205 4516 in
1224 4453 1336 4520 Sosus
1352 4455 1507 4530 Cmaos,
1522 4471 1617 4536 quam
1633 4451 1770 4512 Thomas
1784 4451 1825 4512 de

327 4540 470 4606 Carduca
488 4545 569 4620 (sic),
586 4546 768 4604 antecessor
783 4561 870 4619 suus,
888 4541 1051 4623 quondam
1068 4542 1225 4604 tenuit·
1317 4581 1327 4591 -
1419 4581 1428 4590 -
1520 4577 1530 4588 -
1620 4539 1697 4622 vj.a.
1714 4537 1824 4622 viijal.

370 4679 419 4741 Dc
445 4678 568 4739 Thoma
590 4678 631 4740 de
657 4676 738 4740 esus
762 4698 819 4760 pro
846 4683 960 4762 quarta
984 4683 1077 4763 parte
1104 4678 1129 4763 j
1146 4677 1169 4743 f.
1198 4680 1231 4741 in
1259 4679 1384 4756 eadem,
1410 4697 1507 4761 quam
1532 4673 1717 4743 Willelmus
1744 4673 1826 4736 Caus

328 4766 491 4852 quondam
505 4765 615 4827 tenuit
641 4798 1565 4817 ----------
1661 4799 1671 4810 -
1761 4783 1824 4826 xa.

370 4903 418 4965 De
433 4900 582 4964 Johanne
597 4901 638 4964 de
653 4901 755 4984 Bussy
771 4922 828 4984 pro
843 4907 959 4987 quarta
973 4909 1065 4984 parte
1080 4903 1104 4988 j.
1118 4903 1141 4967 f.
1153 4903 1186 4966 in
1197 4903 1406 4969 Wsaaasass
1422 4907 1455 4964 et
1474 4899 1684 4966 saapaasoan
1700 4901 1826 4975 (rectius

330 4992 683 5072 Sasanasoan),quam
698 4988 796 5074 Hugo
811 4989 851 5052 de
867 4989 970 5073 Bussy
984 4993 1147 5072 quondam
1165 4992 1275 5054 tenuit
1360 5029 1370 5040 -
1461 5029 1471 5038 -
1562 5027 1572 5036 ·
1664 5025 1675 5036 -
1764 5007 1826 5052 xa.

371 5131 420 5191 De
434 5128 548 5191 eadem
567 5129 635 5205 (sic)
656 5124 804 5191 Johannc
819 5148 876 5210 pro
899 5128 1002 5191 tercia
1024 5134 1117 5211 parte
1138 5129 1164 5213 j.
1180 5127 1202 5192 f.
1226 5128 1260 5189 in
1277 5127 1436 5192 Falasnos
1453 5132 1487 5189 et
1503 5127 1714 5202 Baanaason,
1729 5145 1827 5206 quam

329 5219 427 5302 Hugo
441 5215 481 5278 de
495 5213 598 5296 Bussy
613 5214 775 5296 quondam
792 5217 899 5278 tcnuit
1605 5211 1705 5298 xiija.
1722 5211 1826 5297 iiijal.

369 5354 417 5417 De
433 5352 570 5415 Ricardo
584 5352 624 5414 de
639 5350 727 5436 Gray
743 5373 800 5435 pro
816 5351 851 5436 ij.
868 5352 1014 5436 partibus
1037 5351 1061 5434 j
1078 5351 1100 5414 f.
1118 5352 1152 5414 in
1170 5351 1384 5429 LANDEFORD,
1412 5371 1491 5435 quas
1509 5349 1668 5410 Henricus
1683 5348 1724 5411 de
1741 5349 1827 5432 Grcy

327 5442 491 5528 quondam
508 5441 615 5502 tenuit
664 5475 1487 5491 ---------
1578 5435 1698 5519 xxvj.s.
1716 5435 1824 5521 viijal.
