4117 6209
841 660 923 728 nl).
950 663 1154 728 12841285.
1685 666 1750 732 289

289 953 460 1017 Anselmus
474 953 513 1016 de
528 951 663 1035 Gurnay
679 955 770 1015 tenet
786 951 896 1014 viliam
911 951 951 1014 de
968 949 1123 1015 Coas'rorv
1142 951 1183 1013 de
1210 949 1338 1014 Olivero
1361 952 1402 1014 de
1426 949 1582 1030 Dinham‚
1602 958 1639 1016 et
1662 953 1751 1018 idem

246 1040 392 1120 Oliverus
406 1041 447 1104 de
462 1059 555 1125 rege,
569 1046 603 1102 eh
617 1039 698 1103 facit
713 1039 885 1102 servicium
903 1059 956 1102 un.
975 1059 1020 1104 m.
1036 1039 1071 1101 in
1088 1038 1234 1101 exercitu
1248 1039 1334 1122 regis
1358 1059 1416 1122 pro
1439 1039 1594 1123 predictis
1609 1041 1696 1105 villis
1710 1040 1751 1105 de

246 1129 397 1196 Cosmou
414 1133 449 1191 et
467 1128 665 1196 Saeuusonu
681 1132 716 1189 et
730 1127 804 1189 aliis
820 1127 913 1190 terris
930 1127 1007 1190 suis.

288 1265 447 1330 Henricus
462 1265 500 1329 de
517 1265 619 1350 bascy
635 1268 728 1328 tenet
745 1264 946 1331 Cunnnanorv
961 1267 995 1328 ei
1011 1263 1268 1329 &crassando
1289 1262 1331 1326 de
1345 1263 1465 1327 honore
1479 1263 1521 1328 ds
1535 1262 1668 1328 Camere
1686 1267 1749 1346 (ie.

245 1353 414 1433 Cammel),
431 1352 560 1417 etfacit
575 1353 746 1416 servicium
762 1351 799 1437 ij.
816 1374 861 1417 m.

289 1491 391 1554 Heres
408 1489 564 1554 Willclmi
580 1489 620 1552 de
636 1488 748 1570 Cheny
759 1493 853 1552 tenet
868 1489 1064 1554 Puumcnos
1078 1488 1119 1550 de
1133 1485 1283 1551 Johanne
1296 1488 1420 1572 Tragos
1433 1492 1468 1551 et
1483 1489 1570 1553 idem
1585 1488 1607 1552 J
1608 1488 1752 1555 ohannes

149 1607 152 1616 ·
242 1579 374 1662 detege
390 1598 446 1660 per
461 1578 639 1654 baroniam,
655 1581 706 1638 set
721 1575 812 1641 heres
827 1576 974 1659 ejusdem
990 1574 1150 1639 Johannis
1164 1581 1215 1640 esi
1228 1576 1313 1638 infra
1339 1581 1461 1640 etatem
1483 1583 1520 1640 ei
1542 1577 1577 1639 in
1605 1577 1753 1641 custodie

245 1666 330 1750 regis
348 1668 417 1744 (sic)
436 1665 550 1728 matris
564 1665 659 1748 regis.

289 1802 466 1886 Episcopus
493 1798 721 1864 Bathoniensis
747 1804 838 1863 tenet
864 1799 1083 1866 Cnaumcnou
1110 1797 1151 1862 de
1181 1799 1298 1863 herede
1327 1797 1485 1863 Johannis
1511 1800 1552 1863 de
1578 1799 1680 1864 Moun
1711 1801 1752 1865 de

245 1891 417 1968 Dunsbere‚
444 1894 478 1951 et
501 1888 588 1952 idem
614 1884 707 1950 heres
728 1888 768 1949 de
791 1907 866 1973 rege
886 1907 943 1971 per
969 1886 1144 1965 baroniam,
1160 1886 1216 1949 sed
1242 1887 1333 1949 heres
1356 1885 1504 1973 ejusdem
1527 1885 1687 1952 Johannis
1701 1894 1751 1953 est

245 1976 329 2041 inira
344 1981 466 2040 etatem
480 1980 514 2038 et
528 1977 562 2038 in
578 1975 726 2038 custodie
741 1975 839 2059 regis.

290 2113 393 2176 Heres
418 2111 440 2176 J
441 2112 531 2175 acobi
555 2111 671 2176 Bussel
692 2116 787 2174 tenet
801 2111 912 2174 villam
929 2071 968 2174 de
985 2109 1202 2177 Honsmoaou
1217 2110 1258 2175 de
1273 2131 1348 2196 rege
1362 2113 1416 2176 i.c.
1433 2132 1492 2195 per
1507 2111 1685 2193 baroniam,
1702 2117 1752 2176 set

246 2219 311 2264 non
325 2201 365 2264 fit
379 2201 507 2263 mencio
522 2219 581 2284 per
595 2199 681 2283 quod
696 2200 880 2263 servicium.

291 2339 377 2403 Item
393 2338 557 2402 abbatissa
572 2334 761 2400 Schaiionie
787 2340 878 2399 tenet
903 2335 1118 2400 medietatem
1143 2335 1221 2400 ville
1244 2335 1285 2399 de
1312 2335 1431 2404 Cunna
1457 2337 1497 2402 de
1522 2357 1597 2422 rege
1620 2338 1674 2404 i.c.
1697 2359 1755 2423 per

248 2427 427 2504 baroniam,
442 2431 491 2490 sei
505 2445 570 2488 non
585 2423 625 2486 fit
640 2423 776 2502 mencio,
792 2429 856 2488 eie.

292 2564 468 2648 Templarii
484 2568 601 2627 tenent
614 2563 751 2626 alteram
768 2561 982 2624 mediet-atem
995 2561 1142 2645 predicte
1158 2561 1236 2623 ville
1251 2560 1290 2624 de
1308 2560 1426 2629 Ouusn
1450 2561 1491 2626 de
1516 2563 1602 2627 dono
1627 2583 1754 2648 regum,

250 2657 284 2716 et
300 2673 363 2717 non
381 2652 420 2716 fis
437 2651 564 2715 mencio
579 2670 636 2735 per
651 2649 736 2734 quod
752 2650 936 2726 servicium,
951 2655 1017 2713 etc.

293 2785 395 2848 Heres
419 2782 552 2848 Boberti
577 2781 617 2844 de
645 2779 844 2865 Muscegros,
867 2781 926 2864 qui
951 2785 1003 2842 est
1026 2780 1113 2842 inira
1138 2784 1265 2843 etatem
1290 2782 1373 2844 etin
1389 2781 1757 2867 cvmiodiaregis‚tenet

250 2871 360 2936 villam
375 2872 415 2934 de
433 2870 636 2938 Snauwunnn
651 2867 692 2930 de
708 2887 784 2950 rege
799 2870 852 2933 i.c.
868 2889 925 2951 per
940 2868 1118 2944 baroniam,
1133 2872 1183 2931 set
1200 2875 1263 2933 etc.

294 3007 473 3091 Episcopus
504 3005 737 3070 wintoniensis
767 3009 861 3069 tenet
891 3005 1003 3068 viliam
1033 3006 1075 3068 de
1106 3005 1246 3071 Raunou
1277 3006 1318 3069 de
1347 3026 1424 3092 rege
1446 3008 1519 3086 ‘i.c.,
1551 3013 1602 3069 set
1630 3024 1695 3069 non
1718 3004 1758 3069 fis

251 3097 390 3176 mencio,
406 3103 469 3160 etc.

705 3417 925 3482 Huunsnnuu
948 3438 991 3484 nn
1013 3417 1308 3487 WHITELEGH.

294 3559 507 3622 Veredictnm
544 3555 705 3620 hundredi
743 3557 782 3619 de
820 3555 1019 3640 Whitelegh.
1065 3555 1207 3620 Thomas
1234 3557 1274 3621 dc
1305 3555 1490 3636 Ivethorne,
1522 3557 1689 3621 Gelfridus
1716 3557 1758 3620 de

251 3647 409 3725 Edinion‚
436 3645 635 3708 Laureucius
663 3645 703 3708 de
730 3641 887 3722 Geticoie,
911 3643 1089 3706 Nicholaus
1112 3644 1152 3707 de
1179 3643 1282 3727 Sovvy,
1298 3644 1482 3712 Willelmus
1498 3646 1528 3708 ie
1543 3645 1639 3728 Eeyr,
1654 3645 1758 3707 Adam

253 3734 392 3814 Balricb,
411 3731 583 3796 Michaelis
599 3732 640 3795 dc
657 3732 805 3808 Woibou,
819 3730 983 3798 Walterus
999 3731 1029 3794 le
1046 3730 1126 3809 Tok‚
1152 3730 1311 3794 Ricardus
1337 3732 1378 3794 de
1406 3730 1571 3810 Pedewill,
1598 3732 1758 3797 Roberius

252 3820 390 3904 Beyvin‚
404 3821 589 3888 Willelmus
604 3819 643 3882 de
659 3816 856 3895 Yvethome‚
871 3817 1033 3881 Robertus
1047 3818 1205 3897 Clement,
1218 3817 1388 3904 juratores.

297 4140 421 4206 Dicunt
436 4138 521 4222 quod
533 4160 588 4203 :-

296 4288 318 4352 J
319 4287 463 4352 ohannes
477 4287 518 4351 de
533 4284 748 4350 columbariis
763 4290 857 4348 tenet
872 4287 1053 4349 manerium
1065 4286 1104 4349 de
1115 4287 1382 4354 Wonnavnvonou
1400 4287 1439 4350 de
1455 4287 1572 4352 abbate
1589 4287 1760 4352 Glasionie

253 4395 309 4459 per
324 4377 494 4440 servicium
509 4374 663 4454 militare,
680 4381 714 4436 et
730 4371 827 4436 abbas
842 4375 881 4436 de
896 4374 1029 4437 domiuo
1043 4394 1120 4459 rege
1134 4375 1168 4437 in
1184 4374 1325 4439 baronia.

297 4508 418 4573 Ceoilia
433 4507 473 4571 de
489 4507 581 4570 Bello
597 4505 718 4591 Campo
733 4514 825 4570 tenet
840 4505 1021 4569 manerium
1036 4505 1077 4569 de
1088 4507 1231 4571 Donnes
1246 4506 1288 4568 de
1303 4506 1419 4569 abbate
1430 4504 1600 4569 Glastonie
1613 4511 1648 4568 ei
1661 4505 1760 4569 abbas

253 4598 293 4661 de
305 4598 439 4661 domino
454 4617 530 4682 rege
546 4595 580 4658 in
596 4594 740 4658 baronia.

299 4731 465 4797 Galiridus
490 4730 531 4792 dc
558 4727 690 4792 Stavvell
714 4731 812 4791 tenet
835 4727 1019 4789 manerium
1046 4726 1088 4789 de
1117 4726 1274 4793 Snowsau
1299 4746 1357 4809 per
1373 4727 1549 4791 servicium
1564 4728 1706 4793 militare
1721 4729 1762 4792 de

255 4821 368 4884 abbate
384 4817 564 4894 Glestonie‚
578 4821 613 4879 et
627 4815 725 4879 abbas
740 4815 780 4877 de
796 4813 929 4876 domino
944 4834 1022 4900 rege
1036 4814 1071 4876 in
1087 4815 1232 4878 baronia.

299 4958 459 5021 Rubenius
474 4957 514 5021 de
532 4955 649 5018 Breuis
664 4957 756 5016 tenet
772 4951 884 5014 villam
900 4951 940 5014 de
964 4951 1128 5018 Cosmnors
1151 4953 1190 5015 de
1213 4949 1354 5016 Jordano
1377 4951 1481 5034 Rydel
1505 4973 1562 5036 per
1588 4955 1760 5017 servicium

255 5045 408 5196 nbnairlgzaipe,
434 5051 469 5108 eh
495 5042 655 5110 Jordanus
680 5040 783 5123 Rydel
810 5039 850 5102 de
877 5039 994 5103 abbate
1018 5039 1198 5120 Glaatonie,
1224 5043 1260 5102 eh
1284 5039 1382 5102 abbas
1408 5040 1449 5104 de
1476 5041 1607 5104 domino
1630 5059 1705 5124 rege
1725 5043 1760 5104 in

299 5268 455 5332 Ricardus
481 5266 521 5330 de
548 5262 686 5329 Chelion
704 5267 796 5327 tenet
809 5263 924 5327 villam
941 5261 981 5324 de
999 5262 1173 5329 Ganannou
1193 5262 1261 5340 (sic)
1280 5262 1319 5324 de
1334 5262 1465 5326 domina
1481 5263 1601 5328 Cecilia
1615 5264 1655 5327 de
1670 5263 1763 5326 Bello

257 5355 383 5529 ἓξὲξ
393 5353 638 5506 [ἐελτῐὲἶέ1οἰαω
654 5351 810 5428 militare,
836 5349 958 5414 Ceoilia
981 5350 1022 5412 de
1049 5349 1167 5412 abbate
1191 5347 1373 5430 Glasbonie,
1389 5356 1423 5414 ei
1447 5350 1543 5415 abbas
1566 5351 1607 5414 de
1630 5350 1763 5414 domino

320 5577 405 5634 221oe
559 5585 563 5593 '
1674 5573 1697 5625 Ψ
