4117 6209
906 649 989 720 An).
1013 650 1109 717 1846.
1688 645 1753 712 239

258 943 346 1029 exigi
369 947 403 1007 et
426 943 536 1028 ipsum
559 961 598 1006 ea
620 943 785 1006 occasione
811 942 953 1028 graviter
978 939 1133 1023 distringi
1159 945 1195 1002 et
1209 936 1439 1021 multipliciter
1454 935 1633 1021 inquietari
1648 937 1755 1001 fecitis

258 1033 366 1095 minua
379 1031 466 1117 juste
481 1033 515 1094 in
530 1031 618 1113 ipius
637 1027 796 1094 Johannis
818 1027 1024 1114 dispendium
1040 1046 1106 1090 uon
1119 1027 1284 1090 modicum
1298 1032 1331 1088 et
1346 1043 1532 1110 gravamen.
1577 1023 1680 1108 Super
1691 1044 1755 1110 quo

258 1117 350 1182 nobis
374 1119 571 1203 supplicavit
596 1116 657 1180 sibi
681 1137 737 1200 per
762 1138 820 1181 nos
844 1114 1027 1181 remedium
1053 1113 1199 1192 adhiberi
1214 1133 1272 1176 nos
1286 1112 1434 1176 nolentes
1447 1112 1556 1193 ipsum
1571 1110 1756 1177 Johannem

259 1206 405 1271 indebite
420 1207 546 1271 onerari
562 1206 596 1267 in
612 1206 672 1268 hac
698 1212 791 1287 parte
807 1205 895 1268 vobis
918 1202 1112 1266 mandamus
1136 1200 1223 1284 quod
1246 1201 1275 1263 si
1298 1220 1355 1282 per
1376 1199 1582 1263 memorande
1605 1199 1756 1264 scaccarii

260 1295 363 1357 nostri
387 1292 575 1378 hujusmodi
599 1291 714 1356 anxilii
737 1292 911 1377 tangencia
924 1289 1014 1353 vobis
1028 1291 1062 1352 in
1078 1288 1137 1352 hac
1152 1293 1243 1373 perte
1256 1289 1357 1350 missa
1370 1287 1422 1350 vel
1436 1305 1495 1370 per
1508 1287 1756 1372 inquisicionem

261 1401 316 1445 seu
339 1382 405 1445 alio
431 1381 528 1445 modo
553 1379 702 1464 legitimo
728 1380 818 1444 vobis
852 1383 998 1442 constare
1035 1377 1157 1461 poterit
1186 1376 1349 1460 prefatum
1377 1371 1564 1440 Johannem
1593 1380 1696 1439 terras
1724 1382 1758 1439 et

260 1473 446 1534 tenementa
474 1467 621 1552 predicto
650 1487 708 1550 per
737 1467 908 1531 servicium
937 1470 1053 1550 quarte
1082 1464 1185 1550 portis
1213 1463 1239 1549 j.
1263 1462 1288 1529 f.
1314 1483 1360 1530 m.
1386 1462 1615 1526 tantummodo
1645 1468 1757 1526 tenere

258 1557 431 1642 ipsumque
446 1561 481 1619 et
495 1574 605 1619 omnes
620 1560 835 1619 antecessores
850 1573 924 1617 suos
939 1557 1090 1617 tenentes
1104 1557 1261 1614 terrarum
1286 1556 1320 1613 et
1342 1553 1601 1613 tenementomm
1625 1550 1754 1614 illorum

259 1664 297 1707 ea
311 1664 369 1727 per
384 1645 557 1708 servicium
572 1640 760 1727 hujusmodi
774 1662 795 1706 a
808 1647 954 1725 tempore
977 1639 1122 1722 predicto
1143 1638 1309 1721 hucusque
1324 1638 1477 1717 tenuisse,
1492 1642 1532 1701 ut
1544 1642 1595 1701 est
1615 1637 1755 1715 dictum,

258 1738 337 1795 tunc
352 1732 461 1816 ipsum
476 1731 496 1795 J
498 1728 660 1794 ohannem
674 1729 715 1793 ad
730 1730 917 1794 solvendum
933 1727 1025 1792 nobis
1040 1725 1196 1812 majorem
1211 1726 1348 1808 pecunie
1363 1743 1524 1788 summam
1540 1725 1580 1788 ad
1595 1725 1754 1789 auxilinm

257 1819 440 1902 predictum
467 1839 525 1902 pro
550 1826 666 1903 quarta
692 1825 785 1902 parte
810 1817 953 1902 predicta
979 1815 1108 1878 racione
1132 1818 1291 1877 terrarum
1316 1818 1352 1877 et
1380 1818 1644 1877 tenementorum
1684 1833 1756 1897 pre-

257 1906 418 1970 dictorum
433 1906 622 1971 nullatenus
635 1904 785 1990 distringi
802 1905 940 1970 faciatis.
986 1903 1031 1966 Et
1044 1901 1286 1966 districtionem
1309 1901 1336 1965 si
1358 1920 1456 1983 quam
1479 1901 1511 1964 ei
1533 1920 1572 1965 ea
1590 1901 1755 1965 occanone

257 1992 326 2057 fieri
353 1992 494 2057 feceritis
518 1994 589 2055 sine
614 1990 774 2056 dilacione
796 1991 934 2055 relaxari
960 1989 1089 2054 facietis
1114 1988 1231 2052 eidem.
1275 1987 1372 2051 Teste
1394 1987 1546 2052 Leonello
1561 1987 1631 2051 filio
1645 1994 1755 2052 nostro

256 2082 432 2159 carissimo,
446 2080 578 2144 custode
593 2079 720 2164 Anglie,
745 2079 833 2164 opud
857 2078 996 2163 Redyng
1020 2075 1078 2163 xij.
1094 2076 1147 2139 die
1170 2074 1253 2138 Julii
1280 2095 1364 2139 anno
1389 2077 1483 2158 regni
1509 2076 1613 2140 nostri
1638 2075 1756 2160 Anglie

257 2169 410 2233 vicesimo
425 2169 540 2253 primo,
554 2167 645 2252 regni
660 2187 736 2231 vero
750 2167 853 2231 nostri
868 2165 1003 2230 Francis
1019 2169 1142 2229 octavo.

299 2357 477 2441 Inquisicio
492 2362 587 2440 capto
601 2355 687 2438 apud
704 2353 908 2419 hundredum
923 2354 964 2417 dc
979 2351 1157 2416 Posselovve
1171 2350 1224 2415 die
1238 2350 1358 2415 Martis
1373 2351 1521 2434 proxima
1545 2357 1620 2434 post
1634 2352 1755 2415 festum

258 2443 371 2508 Sancti
393 2444 533 2508 Martini
558 2463 665 2507 coram
689 2443 869 2506 Lnnrencio
891 2442 932 2504 de
961 2439 1128 2504 Lodelove
1154 2443 1217 2506 etc.
1238 2443 1287 2518 (co
1301 2439 1430 2522 before),
1444 2459 1501 2522 per
1516 2445 1756 2503 sacramentum

256 2530 416 2596 Johannis
442 2531 484 2595 de
511 2529 666 2614 Sybeion,
692 2529 851 2594 Johannis
875 2529 916 2593 de
946 2527 1114 2614 Eggedon,
1138 2524 1300 2590 Johannis
1326 2525 1367 2588 de
1391 2525 1508 2603 stowe,
1530 2524 1690 2591 Johannis
1715 2526 1756 2589 de

256 2618 435 2694 Ploudene‚
448 2617 608 2682 Willelmi
622 2619 663 2681 de
679 2617 808 2694 Coston,
823 2616 980 2681 Johannis
994 2616 1024 2678 le
1040 2612 1160 2692 Saiter,
1176 2612 1315 2677 Wolteri
1329 2613 1370 2676 de
1386 2611 1757 2691 Bokenhnm,Johannis

258 2705 342 2770 Berd
357 2705 398 2770 de
413 2704 601 2784 Posselove,
614 2704 760 2789 Philippi
775 2704 947 2788 Flemyng,
960 2700 1118 2766 Willelmi
1130 2700 1303 2777 Porsceles,
1315 2700 1467 2783 lingonis
1481 2701 1511 2765 le
1526 2701 1712 2788 Makeleyn,
1723 2708 1758 2764 et

255 2791 415 2857 Johannis
430 2793 470 2857 de
486 2792 626 2871 Itonion,
642 2793 698 2877 qui
714 2793 829 2855 dicunt
846 2811 942 2875 super
956 2792 1194 2854 sacramentum
1209 2808 1304 2853 sunm
1319 2787 1406 2870 quod
1416 2812 1458 2854 2--

300 2979 467 3048 Johannes
491 2980 530 3044 de
553 2980 586 3044 la
611 2979 755 3045 Mnuede
781 2985 874 3044 tenet
900 2998 1011 3042 omnes
1035 2983 1140 3044 terras
1166 2983 1201 3042 et
1226 2981 1415 3042 tenemento
1441 2977 1476 3041 in
1492 2974 1541 3044 La
1557 2975 1708 3045 Mnunns
1722 2981 1764 3049 et,

257 3071 425 3137 Brennonn
440 3088 497 3153 per
511 3067 682 3133 servicium
698 3072 812 3154 quarte
827 3067 931 3151 partia
941 3065 969 3150 j.
986 3065 1009 3129 f.

300 3205 340 3269 In
356 3203 452 3288 cujus
465 3204 513 3269 rei
528 3209 591 3268 eto.

695 3457 932 3548 [Hnunnnnnu
955 3455 1014 3546 nn]
1043 3456 1327 3528 OONEDOVRE.

299 3616 477 3702 Inquisicio
513 3616 673 3681 hundredi
709 3615 750 3680 de
788 3613 971 3679 Conedovre
1007 3617 1103 3695 capta
1139 3609 1227 3695 apud
1274 3608 1439 3693 Salopiam
1487 3608 1557 3698 xiij.
1595 3609 1754 3674 Kalendis

255 3704 457 3789 Septembris
472 3724 557 3767 anno
573 3705 667 3790 regni
682 3704 768 3787 regis
784 3702 936 3765 Edwardi
951 3701 1046 3764 tercii
1070 3705 1143 3782 post
1167 3703 1380 3781 conquestum
1407 3707 1461 3764 xx⁰
1483 3698 1624 3761 secundo
1648 3719 1753 3761 coram

253 3797 316 3856 etc.
345 3796 394 3873 (ns
418 3791 545 3941 begere),
570 3812 628 3875 per
653 3795 892 3854 sacramentum
918 3787 1071 3852 Fulconis
1094 3787 1305 3868 Lestraunge,
1337 3784 1471 3848 Roberti
1501 3785 1541 3848 de
1571 3784 1753 3868 Stepclton‚

254 3879 404 3943 Edvardi
471 3878 575 3959 urnel,
606 3877 762 3942 Willelmi
799 3877 839 3940 do
869 3873 1088 3953 Smethecote,
1117 3870 1278 3937 Johannis
1307 3871 1349 3935 de
1379 3873 1496 3951 Acten,
1525 3871 1684 3935 Wiilelmi
1712 3875 1753 3937 de

254 3966 411 4051 Politeye,
447 3964 573 4029 Thome
610 3965 651 4030 de
689 3963 858 4050 Hoghton,
890 3962 1027 4026 Walteri
1057 3961 1099 4024 de
1128 3960 1225 4037 Eton,
1255 3959 1378 4023 Thome
1407 3961 1448 4024 de
1478 3958 1684 4023 Smethecote
1713 3962 1754 4025 de

254 4049 625 4131 Wroutenhall,'1'home
639 4052 680 4116 de
697 4050 831 4129 Burton,
842 4050 976 4116 Roberti
991 4049 1032 4114 de
1043 4047 1289 4132 Walynbourne,
1301 4052 1335 4111 et
1351 4047 1481 4113 Ricardi
1497 4048 1537 4111 de
1548 4046 1754 4128 Asshevvalle,

254 4141 312 4226 qui
327 4141 442 4204 dicunt
456 4160 512 4224 per
527 4145 767 4205 sacramentum
781 4159 876 4203 sunm
891 4138 977 4222 quod
989 4161 1044 4204 :-

297 4327 458 4392 Robertns
473 4327 514 4392 de
530 4326 670 4411 Harleye
687 4331 777 4391 tenet
792 4325 954 4392 Hannnrn
969 4344 1027 4409 pro
1037 4323 1065 4408 j.
1075 4324 1098 4388 f.
1110 4324 1197 4409 quod
1208 4321 1366 4386 Ricardus
1381 4322 1422 4385 de
1436 4321 1574 4407 Harleye
1589 4322 1753 4406 quondam

253 4416 361 4480 tenuit
375 4415 415 4480 de
430 4420 517 4479 terra
531 4414 691 4478 Willelmi
706 4414 747 4478 de
762 4411 957 4496 Cantulupo.

297 4551 456 4618 Robertns
470 4552 509 4616 de
525 4551 666 4636 Harleye
680 4556 773 4616 tenet
787 4551 927 4618 Knrsnnv
942 4571 1001 4635 pro
1010 4551 1038 4635 j.
1048 4552 1071 4615 f.
1080 4549 1167 4636 qnod
1181 4545 1358 4613 Petronilia
1371 4546 1413 4610 de
1428 4544 1573 4630 Kenleye
1589 4549 1751 4632 quondam

252 4641 361 4705 tenuit
374 4639 414 4704 de
428 4640 559 4704 beronio
574 4639 733 4708 Willelmi
747 4638 815 4702 filio
829 4639 935 4706 Alani.
1551 4679 1566 4710 ,

297 4775 457 4841 Robertns
472 4777 512 4839 de
529 4775 696 4861 Stepclton
713 4782 804 4840 tenet
821 4777 1013 4844 Snnsnnnou
1040 4796 1097 4859 pro
1122 4775 1238 4859 quinta
1261 4777 1355 4856 parte
1375 4770 1402 4855 j.
1419 4772 1506 4856 quod
1529 4770 1689 4838 Robertns
1712 4774 1753 4840 de

252 4863 348 4928 Meisi
363 4864 527 4950 quondam
543 4864 653 4928 tenuit
667 4864 806 4928 detersa
819 4864 975 4927 Willelmi
989 4862 1031 4926 de
1046 4861 1229 4946 Cantilupo.

296 4999 473 5066 Edvardns
488 4999 610 5065 Burnel
624 5006 717 5066 tenet
733 5001 936 5068 Lovonnnvn
951 5020 1010 5084 pro
1024 5004 1141 5084 quarta
1155 5005 1249 5082 parte
1258 4997 1286 5082 j.
1302 4997 1325 5064 f.
1339 5016 1385 5063 m.
1401 4995 1440 5060 de
1455 5016 1543 5082 rege.

296 5137 481 5204 Willclmus
505 5137 546 5202 de
572 5136 709 5203 Preston
735 5144 769 5202 et
794 5139 969 5223 participes
994 5137 1044 5200 sui
1059 5141 1176 5200 tenent
1189 5136 1284 5202 Esou
1298 5134 1477 5200 Mannscon
1491 5154 1549 5218 pro
1563 5134 1609 5202 di.
1623 5136 1648 5201 f.
1664 5135 1750 5220 quod

253 5225 437 5292 Willelrnns
451 5225 492 5290 de
506 5223 666 5291 Marescot
681 5226 845 5310 quondam
862 5227 970 5289 tennit
984 5224 1025 5289 de
1039 5223 1172 5288 baroma
1186 5221 1345 5286 Willelmi
1358 5221 1428 5285 filio
1441 5221 1550 5287 Alani.

295 5363 461 5430 Johannes
487 5365 619 5429 Honuld
643 5371 737 5430 tenet
765 5365 985 5432 Fnonnsnnvn
1009 5383 1066 5446 pro
1093 5366 1208 5446 quarta
1230 5365 1322 5445 parte
1347 5360 1375 5446 j.
1402 5358 1425 5425 f.
1452 5359 1539 5444 quod
1566 5359 1749 5424 Willelmus

251 5452 381 5518 Honaid
396 5453 559 5539 qnondam
574 5455 683 5518 tenuit
697 5453 738 5516 de
753 5453 885 5517 baronia
902 5454 939 5513 W
942 5451 1060 5514 illelmi
1074 5450 1136 5512 filii
1151 5449 1259 5513 Alani.
