4117 6209
294 565 357 628 120
888 557 1195 626 NOTTINGHAM.

335 853 384 915 De
408 854 594 916 tenentibus
602 847 768 915 'terrarum
783 856 819 915 et
834 856 1093 915 tenementorum
1108 851 1142 913 in
1158 850 1309 930 Wsason
1327 870 1389 932 que
1408 848 1445 908 W
1447 847 1589 911 illelmus
1605 843 1788 922 Whitberd,

291 941 379 1003 filius
402 952 436 1002 et
460 939 552 1004 heres
578 940 667 1004 Petri
684 939 867 1018 Whitberd‚
883 940 993 1004 tenuit
1016 959 1073 1023 pro
1098 939 1298 1022 octogesima
1325 941 1416 1020 parte
1442 936 1467 1020 j.
1484 935 1507 1000 f.
1532 935 1568 997 in
1583 932 1697 997 eadem
1713 931 1791 994 villa

292 1032 424 1092 onerata
438 1049 534 1110 super
548 1035 733 1110 compotum
749 1048 807 1111 per
821 1028 1004 1090 evidencias
1019 1027 1182 1110 predictas
1197 1061 1613 1078 -----
1702 1017 1735 1105 vj
1740 1016 1789 1083 .d.

735 1166 941 1228 denariorum
951 1183 1091 1230 r—xx.s.
1108 1161 1193 1248 vid.

560 1209 696 1273 summ
718 1170 1011 1318 [feodorum-di.
1029 1251 1053 1316 f.
1070 1256 1105 1314 et
1121 1250 1319 1336 octogesima
1334 1253 1425 1332 parte
1439 1247 1464 1334 j.
1482 1247 1505 1312 f.

677 1393 883 1458 denariorum
894 1391 1109 1477 z-cccxxj.li.
1126 1375 1216 1477 viis.
1232 1388 1309 1476 ijo.
1634 1470 1640 1482 Ι

678 1479 843 1598 feodopum
853 1482 967 1546 t-clx.
984 1481 1007 1547 f.
1024 1480 1069 1544 di.
1085 1479 1133 1566 vj·
1154 1485 1246 1562 parte
1261 1483 1295 1540 et
1310 1475 1509 1560 octogesima
1523 1475 1615 1555 parte
1629 1490 1654 1555 J.
1671 1467 1693 1532 f.

377 1437 511 1502 Summa
527 1437 637 1500 totalis
659 1397 672 1545 Ι

771 1842 991 1908 Hnnnannnn
1014 1861 1058 1906 na
1080 1839 1313 1908 BYNGHAM.

333 2004 381 2068 De
397 2005 526 2089 Rogero
540 2007 580 2068 de
596 2005 786 2069 Gloucestre
810 2026 867 2088 pro
889 2003 935 2070 di.
952 2005 974 2067 f.
1002 2003 1038 2066 in
1055 2003 1130 2069 ΚΕΗ
1146 2004 1307 2080 Coranos,
1322 2000 1407 2085 quod
1424 1999 1582 2063 Robertns
1597 1997 1638 2060 de
1653 1997 1792 2060 Lovetot

292 2094 454 2177 quondam
469 2095 578 2156 tenuit
594 2125 1619 2144 -----------
1708 2105 1790 2149 nna.

335 2229 384 2291 De
399 2229 567 2292 Willelmo
591 2229 661 2291 filio
685 2228 821 2291 Roberti
845 2248 902 2311 pro
925 2227 1000 2314 iiij‘·
1021 2231 1114 2312 parte
1138 2228 1161 2314 j.
1177 2227 1199 2294 f.
1215 2229 1251 2290 in
1267 2228 1343 2293 ΚΕΗ
1359 2227 1518 2302 coisnon,
1533 2223 1618 2309 quod
1634 2221 1791 2285 Robertus

291 2315 379 2378 filius
395 2315 552 2378 Willelmi
566 2317 730 2399 quondam
745 2317 853 2378 tenuit
920 2350 1639 2366 --------
1729 2330 1792 2373 ms.

335 2453 383 2515 De
398 2453 518 2516 Jacobc
534 2453 633 2536 Barry
648 2459 683 2516 et
699 2453 830 2516 Simone
845 2453 887 2516 de
902 2453 1056 2517 Aelacton
1080 2474 1136 2538 pro
1158 2454 1182 2540 j.
1198 2455 1220 2516 f.
1242 2455 1277 2517 in
1300 2454 1502 2530 Tomeros,
1527 2449 1614 2534 quod
1636 2449 1792 2532 magister

290 2540 480 2624 Radulphus
495 2539 597 2624 Barry
612 2547 645 2603 et
661 2541 813 2621 Matillis,
825 2562 888 2623 que
905 2541 970 2605 fuit
984 2562 1064 2605 uxor
1078 2541 1198 2625 Rogeri
1213 2542 1253 2604 de
1267 2541 1428 2620 delector,
1441 2541 1602 2624 quondam
1615 2543 1792 2685 tenueplrn:

336 2765 384 2828 De
407 2765 557 2828 Johanne
582 2764 623 2827 de
650 2764 800 2848 Outborp
826 2787 883 2850 pro
908 2766 957 2853 iij.
974 2765 1123 2850 partibus
1144 2767 1170 2850 j.
1188 2766 1211 2831 f.
1238 2767 1273 2828 in
1289 2766 1460 2846 Obrimas,
1477 2784 1557 2848 quas
1572 2761 1736 2826 Jobnnnes
1752 2759 1791 2821 de

294 2851 443 2935 Outborp
459 2853 621 2937 quondam
639 2854 748 2916 tenuit
779 2889 1597 2905 ---------
1686 2869 1792 2912 xxms.

337 2989 385 3053 De
401 2989 518 3052 abbate
533 2988 573 3052 de
587 2989 754 3053 Newbowe
769 3011 827 3072 pro
841 2994 958 3074 quarta
982 2995 1075 3075 parte
1100 2990 1124 3076 j.
1143 2991 1166 3056 f.
1183 2992 1218 3053 in
1234 2991 1425 3069 Kantanos,
1451 3009 1549 3073 quam
1576 2991 1791 3050 antecessores

294 3078 346 3140 sui
361 3076 525 3158 quondam
540 3083 721 3140 tenuerunt
819 3115 1640 3129 ---------
1729 3093 1792 3137 ns.

336 3215 384 3277 Dc
399 3215 515 3278 abbate
531 3216 571 3277 de
587 3214 724 3279 Welbek
741 3236 798 3299 pro
823 3221 937 3300 quarta
960 3221 1054 3301 parte
1074 3215 1100 3299 j.
1118 3215 1140 3280 f.
1158 3217 1193 3280 in
1209 3216 1323 3280 eadem
1340 3215 1418 3279 villa
1434 3215 1473 3278 de
1489 3215 1679 3290 Knrvnnom
1695 3231 1793 3296 quam

290 3308 511 3366 antecessores
526 3304 577 3366 sni
593 3303 757 3386 quondam
773 3308 952 3367 tenuerunt
1023 3341 1642 3354 -------
1732 3320 1795 3378 ns.

336 3439 385 3503 De
400 3441 504 3522 priore
519 3439 559 3502 de
576 3438 742 3503 Schelford
758 3444 792 3503 et
807 3439 949 3523 Hngonc
964 3441 1004 3503 de
1020 3441 1107 3504 Hose
1123 3461 1181 3524 pro
1196 3440 1220 3525 j.
1238 3441 1260 3505 f.
1278 3441 1313 3502 in
1332 3440 1527 3507 Ssxnnnsnn
1550 3443 1585 3502 et
1607 3439 1794 3514 anrnsn,

292 3527 378 3611 qnod
404 3528 492 3590 idem
519 3530 607 3610 prior
632 3533 667 3590 et
693 3527 790 3610 Hugo
817 3529 981 3609 quondam
1005 3533 1195 3607 tenuerunt,
1210 3529 1250 3590 de
1276 3547 1339 3611 quo
1361 3527 1495 3610 quidem
1510 3525 1603 3589 feodo
1630 3525 1797 3609 predictus

293 3614 380 3697 prior
395 3619 488 3678 tenet
504 3616 714 3678 medietatem
730 3614 818 3678 feodi
833 3616 971 3698 predicti
987 3616 1022 3678 in
1037 3635 1152 3698 puram
1168 3621 1202 3679 et
1216 3621 1408 3698 perpetuam
1423 3614 1632 3677 elemosinam
1719 3611 1794 3676 xbs.

338 3752 387 3814 De
416 3754 523 3835 priore
553 3752 594 3816 de
624 3753 720 3816 Blida
749 3773 806 3836 pro
835 3753 881 3818 di.
913 3753 936 3818 f.
966 3755 1001 3816 in
1033 3754 1158 3834 Emori,
1190 3753 1277 3836 quod
1306 3757 1524 3818 antecessores
1553 3753 1603 3814 sui
1632 3751 1795 3834 quondam

295 3844 474 3902 tenuerunt
496 3877 1622 3892 ............
1711 3859 1796 3904 xm,

338 3976 385 4039 De
416 3975 557 4039 Roberto
586 3975 627 4038 de
661 3977 792 4039 Watton
824 3998 879 4061 pro
906 3980 1023 4061 quinta
1052 3983 1145 4062 parte
1174 3977 1198 4063 j.
1224 3978 1247 4043 f.
1279 3978 1314 4040 in
1344 3978 1543 4054 annnrors,
1575 3994 1673 4058 quam
1702 3972 1796 4038 heres

295 4063 424 4126 Ricardi
440 4064 479 4126 de
495 4063 671 4146 Wyvcrton
687 4066 851 4146 quondam
866 4067 975 4128 tenuit
1150 4099 1155 4108 ·
1695 4062 1796 4145 viijs.

294 4289 310 4349 t
337 4197 568 4348 DetWillelmc
584 4199 624 4261 de
639 4199 746 4262 Eland
760 4221 819 4282 pro
830 4201 857 4284 j,
874 4200 897 4266 f.
914 4203 950 4264 in
965 4203 1152 4280 Rancnrsn,
1167 4201 1252 4286 quod
1278 4201 1441 4264 Henricus
1465 4201 1504 4264 de
1531 4201 1618 4285 Gray
1633 4199 1796 4349 quondpm

311 4306 387 4349 enm
501 4323 1629 4340 ............
1718 4309 1740 4350 x
1755 4337 1762 4352 ,
1770 4311 1796 4354 3,

337 4422 387 4486 De
403 4422 567 4486 Willelmo
584 4423 727 4487 Boteller
742 4445 798 4508 pro
813 4427 848 4508 ij.
864 4427 1012 4508 partibus
1036 4427 1060 4511 j.
1078 4428 1101 4491 f.
1118 4426 1153 4490 in
1171 4427 1350 4494 Ononnnnn
1365 4427 1544 4491 Bonnnnna
1559 4425 1600 4488 de
1616 4425 1674 4488 illo
1690 4425 1795 4504 feodo,

292 4511 379 4595 quod
395 4511 534 4575 Thomas
549 4511 589 4573 de
606 4513 740 4595 Asteley
755 4519 789 4575 ct
804 4513 965 4578 Rcbertus
981 4515 1022 4577 de
1040 4515 1203 4579 Stsunton
1217 4514 1382 4598 quondam
1399 4519 1626 4686 tenuerunxtxvj
1645 4623 1660 4664 8
1686 4600 1743 4685 νὴ.
1765 4598 1789 4663 d

335 4733 383 4795 De
408 4733 515 4815 priore
539 4734 580 4797 de
603 4735 810 4820 Thurgerton
835 4758 892 4820 pro
920 4739 1022 4801 tercia
1048 4744 1139 4820 parte
1162 4737 1249 4801 dicti
1260 4737 1348 4800 feodi
1362 4737 1397 4798 in
1415 4737 1592 4804 Cnonnnnn
1608 4737 1796 4814 Bonnensn,

290 4841 389 4902 qnam
406 4820 545 4904 predicti
561 4820 703 4887 Thomas
719 4824 757 4886 de
774 4825 907 4909 Asteley
924 4831 957 4889 et
973 4825 1133 4889 Rcbertus
1149 4825 1189 4888 de
1206 4823 1369 4888 Staunton
1384 4825 1546 4908 quondam
1562 4831 1743 4997 tpippearuipitj
1765 4913 1785 4977 d

338 5046 386 5109 De
400 5047 528 5130 Pagano
543 5047 582 5110 de
598 5047 714 5130 Vylers
729 5069 785 5130 pro
801 5048 836 5133 ij.
852 5049 998 5132 partibas
1013 5050 1037 5135 j.
1056 5051 1077 5114 f.
1095 5050 1130 5112 in
1147 5050 1335 5128 Kisamon,
1360 5049 1554 5116 Osnvsnncn
1578 5055 1613 5112 et
1639 5048 1799 5115 Ounnonn

297 5133 337 5197 de
352 5133 410 5196 illo
427 5135 532 5210 feodo,
546 5135 632 5216 quod
649 5133 814 5198 Jchannes
829 5137 869 5200 de
885 5136 990 5200 Vilers
1005 5137 1168 5218 quondam
1184 5137 1296 5199 tenuit
1352 5177 1363 5188 -
1454 5177 1464 5186 -
1554 5136 1673 5222 xxvja.
1691 5135 1799 5220 viijd.

339 5271 388 5334 De
414 5271 531 5333 abbate
554 5270 595 5333 de
622 5269 858 5352 Swynesheved
884 5293 941 5354 pro
968 5273 1069 5337 tercia
1084 5277 1176 5355 parte
1193 5273 1331 5355 predicti
1348 5273 1433 5337 feodi
1448 5275 1483 5335 in
1499 5274 1688 5352 Kranaion,
1703 5296 1801 5359 qnam

297 5358 462 5441 predictus
477 5357 642 5420 Jobannes
658 5357 698 5419 de
717 5357 819 5420 Vilers
834 5359 999 5441 quondam
1015 5361 1184 5424 tenuit·
1275 5399 1285 5409 -
1376 5399 1386 5409 -
1477 5399 1487 5410 ·
1577 5360 1678 5446 xiijo.
1696 5362 1799 5447 iiijc.
