4117 6209
307 644 370 706 128
904 647 1213 714 NOTTINGHAM.

303 1027 316 1085 t
346 934 523 1085 Deteadem
539 936 667 1019 Agnete
682 958 739 1020 pro
753 939 777 1022 j.
794 937 816 1004 f.
834 938 869 1002 in
884 939 1022 1004 Bnaron
1039 937 1155 1018 Joncn,
1169 940 1254 1024 quod
1270 939 1446 1006 Nicholaus
1462 942 1627 1026 Worteley
1643 945 1807 1028 quondam

319 1043 395 1085 enur

346 1178 394 1241 De
409 1177 587 1262 Reginaldo
602 1177 744 1242 Cobham
761 1198 818 1261 pro
833 1181 856 1266 j.
868 1182 892 1245 f.
905 1181 940 1243 in
958 1180 1330 1260 Srora,G01>narnc,et
1346 1182 1624 1266 emensosque}
1641 1183 1805 1246 Johannes

303 1265 438 1329 Bardolf
451 1267 613 1350 quondam
630 1267 736 1329 tenuit
785 1307 1202 1320 -----
1247 1310 1304 1326 .-
1395 1310 1405 1320 -
1497 1310 1507 1320 -
1597 1272 1676 1355 vj.a.
1693 1271 1804 1357 viije.

301 1511 316 1568 t
344 1419 390 1482 De
404 1418 519 1568 abbpte
534 1417 575 1481 de
590 1418 726 1482 Welbek
743 1439 800 1502 pro
815 1420 861 1484 di.
878 1421 902 1485 s.
919 1420 954 1483 in
969 1420 1168 1500 Bessadae,
1185 1422 1270 1504 qnod
1297 1423 1535 1505 predecessores
1562 1426 1612 1487 sui
1639 1424 1803 1574 quondprp

318 1526 459 1569 enuerun
1687 1533 1741 1574 mc
1766 1535 1801 1580 1.

342 1658 392 1722 De
407 1657 578 1740 Radnlpho
592 1658 733 1742 Aderley
747 1679 806 1742 pro
831 1658 906 1746 iiijt·
928 1664 1019 1744 parte
1044 1660 1069 1746 j,
1096 1660 1120 1725 f.
1148 1661 1183 1723 in
1208 1661 1357 1740 donner,
1388 1663 1473 1747 quod
1498 1662 1683 1727 Willelmns
1710 1666 1803 1730 Jorce

300 1745 462 1828 quondam
479 1747 591 1809 tenuit
1016 1777 1020 1782 -
1709 1775 1759 1818 xx.
1770 1755 1801 1819 d.

342 1898 390 1961 De
406 1900 511 1981 priore
524 1898 565 1961 de
583 1899 717 1982 Wyraop
732 1919 790 1982 pro
806 1907 880 1985 mJ‘·
901 1904 993 1984 parte
1016 1901 1041 1986 j.
1059 1901 1081 1967 s.
1099 1903 1131 1965 in
1159 1903 1188 1966 N
1191 1923 1378 1981 ceremon,
1393 1905 1478 1986 quod
1494 1905 1727 1987 predecessores
1750 1907 1802 1970 sui

297 1986 459 2069 qnondam
474 1992 649 2049 tenuerunt
666 2027 1289 2041 -------
1378 1991 1480 2053 nichil
1497 1993 1575 2074 qnia
1590 1993 1800 2058 decimabilis.

342 2139 390 2202 De
416 2142 519 2222 priore
542 2140 583 2202 de
609 2139 736 2224 Feryby
752 2162 811 2224 pro
836 2140 1012 2205 medietate
1037 2143 1061 2227 j.
1079 2143 1101 2206 f.
1129 2144 1163 2205 in
1192 2145 1309 2210 Noarn
1337 2145 1511 2212 Cannaron
1536 2146 1575 2210 de
1603 2147 1660 2209 illo
1676 2149 1801 2231 integro

297 2228 401 2306 feodo,
417 2228 502 2310 quod
517 2228 720 2310 predecessor
735 2230 838 2310 ipsius
852 2230 969 2312 prioris
986 2236 1019 2292 et
1038 2231 1199 2294 Johannes
1218 2232 1344 2295 Barnak
1361 2235 1524 2318 qnondam
1540 2241 1714 2297 tenuerunt

1373 2319 1478 2383 nichil
1494 2322 1571 2404 quia
1586 2323 1799 2387 decimabilis.

341 2470 389 2533 De
406 2505 532 2516 —-
548 2491 604 2552 pro
629 2470 731 2533 altera
757 2473 934 2537 medietate
960 2472 1046 2537 feodi
1069 2475 1209 2557 predicti
1236 2476 1370 2556 ibidem,
1399 2497 1497 2558 quarn
1513 2477 1620 2539 dictus
1635 2475 1801 2539 iohannes

300 2556 427 2620 Barnak
442 2557 605 2641 qnondam
622 2559 731 2622 tenuit
785 2600 1505 2613 --------
1595 2563 1642 2649 iij.
1653 2587 1679 2627 s.
1696 2563 1797 2649 iiijd.

341 2711 524 2773 Onerantur
540 2732 635 2794 super
649 2718 835 2795 compotum
857 2713 896 2776 de
919 2713 1001 2798 iij.a.
1018 2713 1079 2798 iiij.
1091 2714 1121 2777 d.
1138 2713 1178 2775 de
1195 2714 1299 2795 priore
1315 2715 1356 2776 de
1372 2713 1575 2798 Thurgerton
1591 2734 1649 2796 pro
1665 2715 1708 2778 di.
1725 2715 1746 2780 f.
1764 2717 1798 2776 in

296 2799 473 2864 Honsrona
489 2806 521 2861 et
539 2799 681 2877 Sarnos,
696 2800 781 2884 quod
797 2799 946 2863 Matildis
962 2801 1082 2883 Kyryel
1098 2800 1260 2882 quondam
1277 2802 1386 2862 tenuit
1494 2840 1504 2850 -
1594 2801 1641 2884 iij.
1652 2825 1676 2866 s.
1694 2801 1754 2885 iiij.
1766 2803 1796 2864 d.

341 2951 387 3013 De
417 2985 546 2997 ---
575 2971 633 3033 pro
664 2949 738 3035 iiije
771 2957 861 3032 parte
890 2951 913 3036 j.
940 2951 963 3014 f.
995 2951 1028 3012 in
1060 2950 1264 3026 Cnnvnnron,
1304 2950 1390 3032 quod
1428 2950 1577 3032 Paganus
1615 2951 1655 3010 de
1687 2949 1798 3032 Vylers

295 3037 457 3121 quondam
474 3039 581 3100 tenuit

336 3187 523 3263 Onerantnr
539 3210 636 3271 super
652 3192 839 3271 compotum
857 3188 896 3250 de
913 3189 956 3273 vj.
967 3212 992 3252 s.
1010 3188 1080 3272 viij.
1091 3190 1122 3252 d.
1150 3190 1189 3250 de
1204 3187 1330 3272 Agnete
1345 3189 1385 3251 de
1400 3189 1563 3272 Annesley
1590 3209 1646 3271 pro
1673 3191 1697 3274 j.
1716 3192 1738 3254 f.
1763 3191 1798 3252 in

296 3275 433 3342 Bnnron
456 3277 570 3355 Joaca,
594 3276 681 3359 quod
715 3275 890 3351 Nicholaus
914 3275 1076 3358 Wortelcy
1099 3275 1263 3358 quondam
1297 3277 1403 3338 tenuit
1439 3283 1477 3339 ut
1510 3277 1725 3358 respondeant
1759 3277 1798 3339 de

296 3363 610 3513 lpppjppppippitepecepidis
636 3365 722 3425 sicut
747 3382 938 3444 responsum
964 3368 1014 3424 est
1042 3364 1075 3423 in
1104 3362 1218 3425 rotulis
1241 3362 1444 3427 racionabilis
1475 3365 1589 3426 auxilii
1612 3385 1696 3429 anno
1722 3374 1798 3432 namu

338 3604 388 3667 De
407 3604 569 3668 Willelmo
596 3603 636 3665 de
661 3600 854 3686 Babyngton
882 3606 916 3664 et
942 3603 1016 3664 aliis
1043 3623 1100 3685 pro
1123 3603 1147 3688 j.
1165 3602 1187 3668 f.
1212 3609 1244 3665 et
1271 3604 1316 3668 di.
1334 3604 1368 3666 in
1385 3605 1580 3672 Ronnnsron
1595 3613 1629 3669 et
1645 3607 1799 3686 Karena,

293 3693 379 3776 quod
394 3692 511 3755 diversi
526 3696 676 3754 tenentes
690 3690 731 3753 de
747 3689 916 3752 Rolleston
933 3696 967 3752 et
983 3690 1121 3754 Kelome
1136 3691 1298 3774 quondam
1315 3699 1492 3756 tenuerunt
1530 3734 1541 3744 -
1631 3735 1642 3745 -
1731 3718 1797 3761 as.

338 3847 386 3910 De
403 3883 532 3894 --
546 3866 603 3929 pro
619 3845 664 3910 di.
679 3844 702 3910 f.
719 3846 754 3908 in
770 3845 966 3923 Hormos,
981 3845 1068 3929 quod
1085 3844 1223 3908 Thomas
1238 3845 1347 3909 Belew
1362 3847 1524 3928 quondam
1541 3850 1653 3950 tenpit
1769 3941 1791 4004 d

1594 3958 1679 4022 nps.
1697 3960 1757 4025 ¹111·
1794 3989 1801 4004 .

337 4087 384 4149 De
409 4085 552 4147 Henrico
576 4083 753 4167 Perpnnnt,
769 4083 919 4160 chivaler‚
934 4104 992 4168 pro
1015 4085 1060 4149 di.
1076 4083 1100 4147 f.
1128 4085 1163 4146 in
1188 4084 1343 4161 Wnsron,
1371 4085 1459 4166 quod
1474 4084 1651 4149 Nicholaus
1668 4089 1799 4154 Weston

294 4173 457 4260 quondam
473 4172 584 4235 tenuit
1595 4174 1642 4261 iij.
1653 4199 1678 4240 s.
1694 4177 1755 4263 iiij.
1766 4179 1799 4243 d.

338 4328 386 4391 De
405 4361 529 4374 ---
545 4345 603 4409 pro
617 4325 664 4390 di.
680 4325 704 4391 f.
721 4327 756 4389 in
773 4324 961 4403 CARLE'ron,
977 4324 1089 4389 Saone·
1112 4332 1147 4390 et
1169 4325 1367 4403 GEDELYNG,
1392 4327 1478 4409 quod
1504 4327 1623 4392 diversi
1649 4338 1799 4396 tenentes

293 4416 458 4498 quondam
473 4419 653 4478 tenuerunt
678 4453 1502 4466 ---------
1591 4417 1639 4502 iij.
1650 4441 1675 4484 s.
1693 4418 1755 4505 iiij.
1765 4421 1797 4486 d.

338 4587 385 4648 De
410 4583 579 4647 comitissa
606 4579 782 4644 Staffordie
811 4599 867 4663 pro
893 4579 942 4666 iij.
958 4581 981 4645 f.
1008 4582 1044 4643 in
1070 4581 1237 4662 hasnon,
1266 4581 1352 4664 quod
1382 4601 1490 4644 comes
1519 4581 1798 4668 Northamptonie

293 4673 456 4756 quondam
473 4670 578 4733 tenuit
597 4707 1620 4721 -----------
1710 4695 1759 4738 xx.
1769 4696 1795 4739 s.

338 4825 386 4887 De
403 4858 527 4872 ——
546 4841 603 4903 pro
618 4821 663 4886 di.
682 4820 705 4884 f.
723 4821 757 4882 in
776 4821 894 4898 Snona,
912 4821 1086 4888 Cinnaron
1112 4829 1147 4886 et
1171 4823 1365 4900 Gannarna
1394 4822 1479 4903 quod
1507 4823 1624 4887 diversi
1647 4829 1797 4890 tenentes

293 4913 456 4995 quondam
472 4912 646 4972 tenuerunt
680 4948 1501 4960 ---------
1591 4910 1626 4995 iij
1632 4961 1639 4976 .
1651 4935 1676 4976 a.
1693 4912 1753 4999 iiij.
1764 4917 1795 4980 d.

337 5079 386 5140 De
414 5109 539 5122 -—-
565 5091 624 5154 pro
654 5071 678 5155 j.
704 5070 728 5135 f.
759 5072 795 5133 in
827 5072 967 5151 Surson,
998 5075 1171 5142 Cinnnron
1202 5080 1235 5136 et
1266 5074 1423 5150 Mnarnc,
1452 5074 1538 5156 quod
1574 5074 1725 5140 Ricardns
1754 5079 1795 5142 de

295 5160 480 5250 Wylughby
497 5159 660 5244 qnondam
677 5158 787 5222 tenuit
875 5199 1495 5211 -------
1585 5164 1629 5248 vj.
1641 5187 1666 5230 s.
1686 5165 1752 5252 viij.
1764 5168 1794 5232 cl.

337 5315 520 5380 Onerantur
547 5330 643 5393 super
669 5314 858 5392 compotum
885 5311 924 5373 de
950 5312 1044 5375 aad.
1072 5311 1112 5374 de
1135 5309 1306 5372 heredibus
1330 5310 1502 5374 Bertrandi
1525 5313 1722 5380 Monbccher
1738 5339 1795 5402 pro

292 5404 367 5490 iiij⁸0
387 5407 478 5485 parte
494 5399 519 5485 j.
536 5397 559 5462 f.
577 5398 611 5459 in
629 5397 770 5476 Suanos,
787 5418 885 5484 quam
903 5398 1103 5488 Reginaldus
1121 5397 1317 5461 Monbccher
1332 5399 1495 5486 quondam
1511 5405 1619 5466 tenuit
1702 5408 1792 5474 xnd.
