4117 6209
917 663 1226 730 NOTTINGHAM.

453 946 532 1031 ijo.
564 945 604 1008 de
633 943 822 1032 hujusmodi
850 945 997 1008 subsidio
1023 945 1187 1027 pensionis
1214 944 1329 1027 prioris
1355 942 1396 1006 de
1423 942 1549 1006 Lenton
1574 942 1610 1003 iu
1639 940 1826 1024 supradicto

321 1033 457 1098 ccclesia
472 1033 512 1096 de
527 1034 718 1111 Rnursr0u‚
733 1054 797 1119 que
812 1034 853 1097 sd
868 1054 919 1098 xx.
929 1035 962 1097 d.
979 1033 1019 1094 ab
1034 1033 1170 1117 antiquo
1183 1037 1314 1094 taxetur
1330 1027 1386 1094 &c

454 1171 532 1255 ij.d.
549 1173 597 1236 ob.
613 1171 654 1233 de
670 1169 855 1257 hujusmodi
871 1171 1014 1234 subsidio
1029 1169 1194 1252 pensionis
1219 1168 1334 1253 prioris
1356 1167 1396 1230 de
1423 1167 1551 1230 Lenton
1577 1168 1612 1229 in
1641 1167 1826 1251 supradicte

323 1259 456 1323 ecclesis
471 1259 511 1320 de
527 1260 787 1325 Connrnosronn
801 1279 865 1342 quo
881 1258 922 1320 sd
938 1257 974 1343 ij.
985 1280 1012 1322 s.
1029 1258 1221 1342 abantiquo
1237 1261 1368 1318 taxatur
1383 1253 1439 1319 dcc.

457 1418 524 1461 rus.
542 1396 582 1458 de
597 1395 782 1478 hujusmodi
798 1396 942 1459 subsidio
957 1395 1116 1478 porcionis
1141 1392 1265 1477 capelle
1291 1395 1331 1456 de
1354 1393 1555 1476 Tutcsbyrye
1581 1395 1615 1455 in
1640 1392 1826 1476 supradicio

325 1483 464 1547 ecclesis
478 1484 519 1546 de
535 1484 641 1561 Lnrrs,
657 1503 720 1566 qne
734 1483 774 1546 ad
790 1505 819 1548 c.
830 1505 857 1548 c.
873 1483 1064 1567 abantiquo
1079 1489 1211 1544 taxatur
1225 1480 1284 1546 circ.

457 1598 639 1706 xvj.d.vde
668 1618 857 1707 hujusmodi
887 1620 1028 1684 subsidio
1065 1619 1229 1703 pensionis
1258 1621 1372 1704 prioris
1402 1619 1515 1682 Sancti
1545 1618 1704 1682 Leonnrdi
1736 1625 1827 1683 extra

326 1706 757 1858 {Itlspnforgssptffipgrgdicts
767 1708 905 1772 ecclesis
915 1710 955 1770 dc
966 1708 1172 1774 Nonususorr
1189 1728 1295 1774 surnn
1312 1707 1482 1790 Sosn‚que
1497 1707 1538 1770 ud
1554 1706 1656 1791 xiijo.
1673 1707 1773 1792 iiij.d.
1786 1707 1827 1769 sb

399 1815 463 1879 quo
674 1841 682 1857 .
752 1849 759 1862 .

458 1929 568 2014 xvj.d.
596 1931 636 1992 de
663 1930 852 2015 huiusmodi
878 1931 1022 1994 subsidio
1049 1931 1213 2014 pensionis
1241 1929 1358 2013 prioris
1383 1929 1424 1993 de
1449 1929 1574 1993 Norton
1592 1932 1626 1994 in
1643 1932 1826 2014 supradicta

328 2018 466 2081 ecclesis
480 2019 519 2079 de
535 2018 681 2084 Rsnonrr
697 2040 802 2084 surnn
818 2019 917 2097 Sons,
934 2040 995 2102 que
1011 2019 1052 2081 ad
1068 2018 1136 2104 xiij.
1148 2040 1175 2083 s.
1191 2017 1252 2103 iiij.
1264 2019 1296 2082 d.
1313 2018 1505 2103 abantiquo
1520 2017 1724 2084 tsxaiurdrc.

459 2156 545 2239 vjd.
575 2155 615 2217 de
645 2153 833 2242 hujusmodi
858 2153 1003 2217 subsidio
1029 2153 1193 2236 pensionis
1222 2153 1336 2237 prioris
1362 2153 1402 2216 de
1429 2155 1555 2218 Lenton
1581 2156 1616 2218 in
1643 2157 1827 2238 supradicta

328 2242 461 2305 eeclesia
476 2247 517 2303 de
533 2242 677 2319 Bsnnou,
692 2263 755 2325 quc
770 2242 811 2304 sd
828 2262 857 2306 v.
869 2263 896 2307 s.
913 2243 1102 2324 abantiquo
1119 2247 1246 2303 laxatur
1261 2239 1319 2307 &c

460 2399 511 2444 xv.
524 2381 555 2442 d.
583 2379 624 2440 de
649 2377 836 2466 hujusmodi
863 2378 1010 2442 subsidio
1035 2378 1198 2461 pensionis
1224 2380 1339 2460 prioris
1364 2378 1405 2440 de
1431 2379 1559 2442 Lenton
1585 2380 1619 2443 in
1643 2382 1827 2464 supradicta

329 2466 463 2529 ecclesis
478 2465 517 2527 de
533 2466 743 2542 Consonus,
757 2486 821 2548 que
835 2465 877 2528 ad
892 2465 981 2551 xijo.
997 2465 1083 2551 vj.d.
1100 2465 1140 2526 ab
1156 2467 1291 2550 antiquo
1307 2473 1436 2527 taxatur
1451 2465 1507 2530 dre.

460 2602 554 2687 iiij.s.
572 2603 612 2665 dc
628 2602 813 2685 hujrumodi
829 2603 972 2666 subsidio
987 2604 1148 2686 porcionis
1163 2602 1308 2684 ejusdem
1331 2602 1446 2686 prioris
1462 2605 1496 2665 in
1512 2604 1624 2666 eadem
1640 2606 1774 2669 ecclesis
1789 2608 1829 2670 de

329 2689 537 2768 Connousvn,
554 2711 615 2775 que
630 2693 670 2751 ad
686 2690 729 2754 xl.
739 2713 766 2755 s.
781 2690 974 2773 abantiquo
990 2695 1121 2752 taxatur
1135 2687 1192 2754 &c

460 2825 531 2910 ijs.
548 2824 661 2910 viij.d.
677 2825 718 2887 de
733 2825 922 2911 hujusmodi
937 2825 1081 2888 subsidio
1103 2823 1261 2908 porcionis
1284 2823 1427 2910 ejusdem
1452 2825 1567 2908 prioris
1594 2825 1628 2886 iu
1643 2826 1828 2907 supradicio

327 2911 464 2974 ecclesis
479 2913 518 2975 de
533 2913 660 2992 Bonus,
675 2933 738 2995 que
752 2916 793 2976 ad
808 2913 894 2998 xxvj.
905 2935 930 2977 s.
944 2912 1016 2998 viij.
1026 2913 1059 2977 d.
1075 2911 1116 2973 ab
1132 2913 1267 2996 'antiquo
1283 2919 1413 2974 taxatur
1428 2910 1485 2976 ee.

459 3049 565 3136 viiie.
595 3050 634 3113 de
663 3049 850 3136 hujusmodi
882 3051 1025 3115 subsidio
1055 3050 1214 3134 porcionis
1244 3050 1389 3137 ejusdem
1420 3051 1535 3135 prioris
1570 3053 1604 3114 in
1642 3051 1827 3133 supradicta

329 3136 463 3201 ecclesis
477 3139 518 3200 de
534 3139 748 3219 Ronrucrou,
765 3159 829 3221 quo
843 3138 883 3200 sd
901 3138 944 3224 vj.
955 3160 997 3203 m.
1012 3139 1204 3221 abantiquo
1220 3143 1351 3200 texatur
1366 3135 1422 3201 duc.

460 3297 522 3341 rus.
538 3276 607 3363 viij.
623 3277 664 3339 de
679 3276 868 3361 hujusmodi
882 3276 1028 3340 subsidio
1043 3277 1203 3360 porcionis
1228 3275 1357 3338 abbatis
1384 3276 1483 3339 Beate
1510 3276 1614 3339 Mario
1638 3277 1771 3340 Eboraci
1794 3279 1828 3340 in

328 3363 516 3445 supradicta
530 3365 666 3428 ecclesia
681 3364 720 3427 de
735 3363 907 3441 (iniussn,
922 3383 985 3450 que
1000 3364 1041 3424 ad
1057 3364 1126 3449 viij.
1136 3386 1179 3430 m.
1194 3363 1235 3426 ab
1251 3365 1385 3447 antiquo
1401 3371 1532 3426 taxatur
1547 3361 1603 3429 &c

460 3499 504 3585 vj.
514 3521 541 3564 s.
558 3500 627 3586 viij.
637 3501 668 3565 d.
684 3500 725 3564 de
740 3499 927 3585 hujusmodi
943 3499 1086 3563 subsidio
1102 3499 1263 3584 porcionis
1278 3500 1391 3582 prioris
1406 3500 1446 3563 de
1473 3498 1568 3562 Biids
1589 3499 1624 3560 in
1647 3499 1830 3583 supradicio

329 3586 464 3650 ecclesis
478 3589 519 3650 de
536 3588 663 3666 Ennou,
679 3608 742 3673 que
757 3591 799 3650 sd
814 3610 845 3654 v.
854 3610 896 3652 m.
914 3587 1107 3670 abantiquo
1122 3593 1253 3650 isxabur
1268 3583 1326 3652 dic.

460 3747 489 3791 v.
499 3748 526 3791 s.
541 3725 603 3810 iiij.
614 3728 645 3791 d.
662 3727 703 3789 de
718 3726 907 3812 hujusmodi
922 3727 1067 3790 subsidio
1083 3727 1242 3811 porcionis
1257 3727 1372 3811 prioris
1394 3726 1435 3789 de
1463 3725 1560 3789 Blida
1584 3725 1619 3788 in
1647 3727 1831 3810 supradicto

330 3811 465 3877 ecclesis
479 3813 519 3876 de
532 3814 712 3890 Brnousu,
726 3835 790 3895 quc
805 3814 846 3876 cd
861 3836 921 3900 ¹1¹1·
932 3837 973 3878 m.
989 3813 1030 3876 ab
1045 3816 1181 3897 antiquo
1195 3819 1325 3877 texatur
1340 3811 1398 3878 duc.

374 3951 509 4013 Summa
523 3950 661 4013 subsidii
675 3950 883 4014 ecclesiarum
899 3951 1120 4034 predictarum
1140 3971 1214 4014 cum
1230 3951 1358 4015 vicariis
1379 3971 1443 4035 que
1467 3950 1508 4012 ad
1530 3949 1725 4036 Dccclxij.li.
1750 3952 1830 4037 vj.s.

330 4038 438 4122 viij.d.
455 4038 646 4121 abantiquo
661 4043 814 4100 taxantur
829 4045 864 4100 et
879 4058 944 4123 que
958 4039 998 4099 sd
1016 4039 1154 4100 valorem
1170 4038 1280 4102 decem
1296 4058 1476 4101 marcarum
1492 4047 1525 4100 et
1540 4038 1626 4100 ultra
1641 4057 1830 4120 perannum

331 4129 487 4190 existunt.
531 4123 608 4208 iiij¹¹
623 4124 709 4209 vili.
725 4123 819 4210 iiij..s
835 4124 947 4209 viijn.

374 4259 509 4324 Summa
534 4260 669 4326 subsidii
693 4260 894 4324 diversarum
918 4262 1111 4344 pensionum
1138 4263 1357 4345 predictarum
1383 4282 1447 4345 quc
1472 4261 1512 4324 sd
1538 4261 1686 4347 inviis.
1702 4261 1775 4326 rud.
1791 4262 1832 4324 cb

330 4349 465 4432 antiquo
479 4354 632 4411 taxantur
646 4369 704 4432 per
718 4368 851 4414 annum.
895 4347 953 4434 vij.
962 4370 989 4413 s.
1004 4347 1047 4413 ix.
1056 4349 1088 4415 d.
1104 4350 1152 4414 ob.

373 4485 510 4550 Summa
525 4486 662 4549 subsidii
677 4486 878 4550 diversorum
892 4488 1082 4570 porcionum
1097 4487 1314 4570 predictarum
1331 4509 1393 4572 qne
1408 4486 1450 4551 sd
1466 4484 1605 4571 xxviiii.
1622 4485 1667 4570 vj.
1678 4508 1704 4551 s.
1721 4485 1830 4572 viij.d.

330 4573 519 4657 abantiquo
534 4579 689 4637 taxantur
703 4594 761 4656 per
775 4594 909 4638 annum.
954 4573 1027 4660 liiij.
1039 4595 1065 4638 s.
1080 4573 1151 4659 viij.
1161 4574 1194 4638 d.

833 4859 1031 4925 Dnosusros
1054 4879 1097 4924 nn
1119 4859 1341 4926 RETFORD.

1039 4996 1080 5060 ab
1095 4998 1229 5081 antiquo

1042 5091 1172 5146 taxatur
1185 5083 1226 5145 ad
1451 5038 1632 5103 subsidium

572 5037 714 5099 Eccie-ia
728 5037 769 5100 de

421 5215 559 5283 Bunrors
572 5221 766 5282 monasterio
776 5219 817 5288 dc
830 5219 954 5283 Wirire-

465 5323 522 5386 sop
538 5325 623 5388 appr·
637 5305 743 5387 priate
1069 5263 1179 5350 151371·-
1416 5265 1481 5351 xvj.
1492 5287 1518 5329 s.

424 5439 618 5509 Mrsnsnrorr
1073 5465 1214 5512 mum
1419 5446 1534 5532 ulvis.
1551 5447 1620 5534 viij.
1630 5449 1661 5515 d.
