4117 6209
924 695 1007 760 ao.
1033 696 1128 760 14³1.
1437 677 1441 682 ’
1711 691 1774 757 sss

319 973 480 1040 Johaunes
496 978 640 1064 Radclyi,
656 983 761 1063 miles,
777 983 817 1047 de
833 985 993 1047 comitatu
1011 984 1216 1067 Longcastrie
1232 991 1267 1048 et
1282 983 1449 1061 Keterina,
1467 1003 1549 1048 uxor
1563 982 1644 1068 ejus,
1655 987 1770 1046 tenent

275 1064 454 1127 manerium
479 1065 520 1128 de
546 1069 655 1134 horon
683 1070 845 1137 Boarvnnn
869 1091 925 1156 per
950 1072 1122 1134 servicium
1142 1070 1170 1154 j.
1188 1073 1210 1136 t.
1227 1093 1272 1137 m.
1289 1072 1330 1136 de
1355 1071 1485 1136 baronia
1509 1091 1612 1154 nuper
1636 1069 1770 1134 Roberti

276 1145 399 1229 Corbet,
416 1155 500 1234 quod
516 1154 602 1218 valet
616 1161 678 1221 ete.
695 1177 727 1223 x.
740 1181 835 1224 rurore.

317 1283 411 1350 Idem
435 1287 599 1355 Johanues
624 1299 658 1356 et
685 1293 852 1372 Katerina,
876 1314 953 1356 rrxor
979 1294 1061 1379 ejus,
1089 1301 1203 1358 tenent
1228 1302 1314 1358 certa
1340 1301 1441 1358 terras
1466 1301 1500 1358 et
1524 1299 1712 1358 tenemento
1734 1295 1770 1356 in

275 1371 498 1444 Wonsrrurou
514 1397 567 1460 per
583 1381 754 1444 servicium
772 1389 884 1466 quarte
899 1383 1002 1465 partis
1016 1383 1041 1468 j.
1058 1383 1081 1447 f.
1099 1403 1144 1448 m.
1160 1383 1245 1466 quod
1263 1385 1332 1461 (uic)
1351 1382 1438 1444 valet
1452 1388 1515 1444 etc.
1531 1380 1573 1464 vj.
1583 1402 1681 1446 marc.

316 1509 499 1577 Manerium
514 1515 554 1578 de
569 1517 813 1584 Punnnauaoun
828 1525 959 1584 tenetur
973 1519 1013 1582 de
1029 1519 1162 1583 domino
1176 1539 1249 1604 rege
1264 1520 1317 1584 io.
1334 1540 1390 1604 per
1405 1519 1579 1583 servicium
1590 1516 1619 1599 j.
1634 1515 1658 1582 f.
1674 1539 1719 1584 m.
1735 1523 1770 1582 et

274 1605 322 1660 est
336 1599 369 1661 in
386 1620 486 1665 manu
500 1605 583 1688 regis
599 1608 727 1669 racione
741 1607 875 1670 minoris
890 1607 989 1671 etatis
1004 1605 1131 1670 heredis
1146 1606 1292 1691 Philippi
1307 1606 1447 1672 Boteler.

316 1719 402 1838 Item
417 1720 532 1788 dicunt
547 1724 633 1809 quod
648 1731 710 1792 eto.
731 1731 779 1804 (av
793 1728 920 1810 before).

720 1968 940 2035 Huuoanonu
965 1989 1008 2035 on
1032 1968 1319 2037 PUSSELOWE.

317 2098 494 2182 inquisicio
509 2099 670 2166 hundredi
685 2105 725 2167 de
741 2105 919 2169 Pusselovve
933 2112 1029 2187 capta
1043 2106 1129 2188 apud
1145 2106 1313 2169 Lodelovve
1328 2104 1383 2168 die
1409 2105 1501 2169 Lune
1524 2107 1670 2188 proxima
1695 2112 1768 2190 post

272 2184 389 2250 festum
407 2187 518 2252 Sancti
535 2189 682 2269 Martini,
698 2193 852 2276 episcopi,
867 2199 928 2257 etc.
950 2194 997 2272 (cr
1013 2194 1139 2277 hejore),
1151 2214 1207 2276 per
1221 2198 1461 2257 sacramentum
1478 2192 1636 2259 iohannis
1651 2194 1770 2277 Pyard,

272 2272 428 2338 Johannis
443 2275 484 2339 de
498 2277 615 2360 Eyton,
627 2277 786 2343 ,Iohannis
804 2278 908 2362 h'ully,
919 2279 1069 2366 junioris,
1078 2279 1197 2363 Rogeri
1212 2280 1252 2344 de
1270 2279 1428 2362 Bekheye,
1441 2278 1573 2343 Ricardi
1590 2281 1713 2345 Mattea
1728 2282 1768 2345 de

273 2359 458 2446 Longeteld‚
471 2361 628 2430 Johaunis
640 2365 744 2428 Acton
760 2366 800 2428 de
817 2365 965 2444 Brocton,
978 2366 999 2432 J
1000 2365 1138 2429 ohannis
1153 2368 1277 2452 Myude
1292 2368 1332 2431 de
1347 2366 1478 2446 Costou,
1492 2367 1611 2452 Rogati
1624 2368 1768 2433 'l'aillour

271 2445 311 2510 de
348 2448 513 2534 Lydbury,
543 2451 660 2536 Rogeri
697 2451 833 2536 Okeley,
860 2453 1017 2518 Willelmi
1050 2453 1185 2533 Walcot,
1216 2455 1372 2520 Willelmi
1404 2453 1518 2537 Aleyn,
1547 2460 1581 2517 et
1610 2454 1767 2522 Willeimi

273 2534 420 2619 Hykkes,
434 2542 491 2622 qui
507 2539 622 2602 dieunt
636 2539 722 2623 quod
733 2561 780 2602 :—

312 2709 385 2775 Dux
411 2710 636 2776 Northfolehie
662 2721 697 2777 et
723 2715 898 2797 participes
924 2717 973 2777 sui
998 2719 1114 2779 tenent
1137 2716 1319 2779 manerium
1345 2716 1386 2778 de
1415 2713 1703 2782 Gnounoousronn
1733 2723 1769 2782 et

271 2797 443 2866 Annnmrn
458 2818 514 2881 por
528 2800 700 2864 servicium
716 2802 903 2865 medietatis
917 2800 942 2888 j.
958 2800 981 2867 s.
997 2824 1043 2869 m.
1058 2803 1099 2866 de
1115 2823 1179 2888 qno
1193 2805 1355 2887 ignorant,
1370 2807 1404 2867 et
1419 2802 1507 2866 valet
1521 2807 1583 2868 ete.
1599 2823 1630 2866 1.
1637 2804 1671 2868 li.

314 2931 476 3000 Juhauues
502 2933 715 3013 Mautravers,
744 2937 894 3000 dominus
920 2936 960 2999 de
981 2936 1165 3014 Arrundeil,
1190 2941 1282 3001 tenet
1309 2935 1453 2998 maneria
1477 2933 1517 2996 de
1544 2934 1721 3002 Consanus
1734 2939 1770 2998 et

271 3021 449 3088 Bionnos
464 3043 540 3085 cum
558 3023 731 3090 Srunvoan
747 3029 781 3087 et
796 3023 844 3089 Lu
860 3023 1003 3091 Msasnn
1019 3045 1076 3107 per
1092 3025 1263 3087 servicium
1277 3023 1301 3109 j.
1317 3023 1341 3086 s.
1357 3043 1403 3089 m.
1420 3028 1454 3085 et
1470 3021 1556 3084 valet
1570 3029 1633 3085 eto.
1650 3043 1680 3084 x.
1687 3023 1722 3087 li.

314 3157 405 3222 Idem
422 3156 587 3225 Johannes
602 3159 806 3224 Mautravers
820 3167 854 3224 et
870 3159 1035 3227 ,Iohannes
1050 3161 1147 3245 Fully
1162 3167 1279 3225 tenent
1295 3166 1381 3223 certa
1399 3166 1499 3222 terras
1522 3165 1557 3240 et
1578 3163 1769 3222 tenementa

269 3246 538 3416 hhehdddhflddh
549 3247 823 3417 v{thd'vrssunovvn
849 3268 908 3331 per
933 3249 1107 3311 servicium
1121 3248 1310 3312 medietatis
1323 3248 1348 3333 J'.
1365 3247 1387 3310 f.
1402 3266 1448 3312 m.
1465 3246 1507 3308 de
1522 3266 1587 3330 quo
1600 3245 1766 3330 ignorant,

311 3468 475 3535 Johannes
490 3471 570 3552 Jaye
585 3471 625 3534 de
641 3471 721 3553 Jaye
736 3472 770 3534 in
787 3471 901 3536 eodem
915 3473 1087 3550 comitatu,
1101 3471 1298 3554 gentilman,
1314 3476 1408 3534 tenet
1423 3469 1604 3532 manerium
1620 3467 1659 3531 de
1674 3469 1767 3546 darn,

270 3557 433 3634 arascos,
449 3563 483 3621 et
498 3557 638 3623 &nunu
664 3577 722 3640 per
745 3561 917 3622 servicium
944 3560 967 3644 j.
984 3559 1008 3628 i.
1024 3580 1069 3625 m.
1095 3560 1135 3622 de
1159 3558 1307 3626 Johanne
1332 3557 1544 3636 Mautruvers,
1571 3555 1702 3619 domino
1727 3555 1768 3619 de

269 3643 449 3720 Arruudell,
465 3650 500 3707 et
516 3645 600 3708 valet
614 3651 675 3708 etc.
692 3666 721 3710 x.
728 3646 761 3710 127.

311 3781 449 3844 Thomas
474 3779 608 3863 Hopton
633 3780 673 3843 de
700 3781 832 3864 Hopton
861 3781 895 3844 in
919 3781 1033 3846 eodem
1056 3781 1229 3858 comitatu,
1242 3781 1393 3866 armiger,
1407 3785 1499 3844 tenet
1522 3780 1703 3844 manerium
1728 3781 1769 3844 de

269 3866 405 3934 Hormou
421 3888 494 3930 cum
511 3869 664 3930 membris
682 3869 835 3932 videlicet
850 3870 1063 3947 Burmannus,
1081 3869 1314 3946 Humanarum
1330 3875 1363 3931 et
1378 3867 1507 3937 corros
1522 3887 1581 3950 per
1596 3866 1768 3932 servicium

268 3953 304 4038 ij.
321 3955 343 4018 f.
359 3976 403 4021 m.
419 3954 460 4017 de
476 3955 564 4018 dicto
580 3953 730 4020 Johanne
745 3955 959 4036 Mautravers,
976 3967 1009 4020 et
1026 3957 1114 4020 valet
1129 3962 1192 4021 eto.
1210 3956 1301 4022 xnli.

309 4089 449 4155 Thomas
464 4091 578 4155 Gorbet
594 4091 635 4156 de
651 4092 717 4176 Lye
733 4094 767 4157 in
784 4093 898 4158 eodem
913 4095 1083 4174 comitatu,
1099 4095 1250 4179 armiger,
1268 4091 1411 4156 Thomas
1426 4092 1562 4177 Hopton
1578 4091 1618 4155 de
1634 4091 1767 4176 Hopton

267 4179 300 4240 in
317 4179 429 4243 eodem
444 4181 614 4256 comitatu,
630 4180 782 4264 armiger,
799 4186 833 4244 et
857 4181 1036 4264 participes
1059 4181 1111 4245 sui
1126 4187 1241 4245 tenent
1255 4182 1438 4243 manerium
1453 4179 1493 4243 de
1511 4177 1676 4247 Sisanrou
1691 4199 1767 4244 curn

267 4266 432 4343 membris,
455 4265 606 4329 videlicet
630 4267 880 4334 strarvsrovvs
907 4275 940 4330 et
967 4269 1087 4335 Baoun
1111 4289 1169 4351 per
1192 4268 1366 4332 servicium
1388 4267 1413 4353 j.
1441 4266 1464 4331 s.
1490 4287 1534 4331 m.
1558 4265 1598 4329 de
1621 4266 1768 4351 predicto

267 4351 287 4414 J
290 4351 416 4418 ohanne
431 4353 644 4431 hlautravers,
658 4358 692 4416 et
708 4355 793 4418 valet
808 4366 870 4420 etc.
888 4357 958 4422 att.

308 4489 473 4553 Johanues
490 4490 711 4573 Wynueshury
727 4491 767 4553 de
796 4490 946 4575 Gloseley
961 4492 995 4554 in
1022 4493 1136 4556 eodem
1163 4490 1516 4573 comitatu,ar1niger;
1545 4495 1577 4552 et
1603 4487 1768 4551 Johannes

268 4576 362 4660 Fuily
377 4577 417 4640 de
433 4575 565 4660 Egedon
583 4577 616 4640 in
632 4578 744 4640 eodem
761 4580 929 4656 comitatu,
944 4579 1148 4662 fraukeleyn,
1165 4586 1278 4641 teuent
1293 4585 1383 4641 certa
1399 4583 1501 4640 terras
1522 4583 1555 4640 et
1580 4581 1767 4640 tenementa

265 4666 298 4726 iu
315 4664 468 4742 Ennoou,
485 4664 659 4742 Wonsrorv,
677 4671 711 4727 et
728 4666 958 4732 Bnuvsnnows
975 4688 1032 4750 per
1057 4667 1231 4730 servicium
1257 4666 1281 4751 j.
1298 4665 1321 4730 f.
1338 4686 1382 4730 m.
1398 4663 1441 4727 de
1456 4663 1602 4748 predicto
1616 4662 1767 4727 Johanne

265 4749 478 4830 Mautravers,
496 4758 530 4813 et
546 4752 654 4814 valent
672 4760 733 4816 etc.
751 4751 862 4838 viijdi.

306 4887 488 4956 erlelmus
526 4888 659 4974 cheyne
697 4890 738 4953 de
776 4887 962 4954 Bekkesord
1000 4891 1035 4953 in
1071 4891 1230 4954 comitatu
1267 4889 1452 4975 Wygornie,
1488 4887 1641 4972 armiger,
1677 4893 1768 4951 tenet

264 4975 444 5040 manerium
473 4976 513 5039 de
540 4976 744 5043 Losonvuno
768 4998 825 5060 per
852 4979 1024 5041 servicium
1052 4979 1241 5042 medietatis
1266 4978 1291 5062 j.
1318 4978 1341 5043 i.
1367 4999 1413 5044 m.
1439 4977 1478 5039 de
1504 4975 1593 5038 dicto
1618 4974 1766 5041 Johuuuc

265 5062 479 5141 hlautravers,
493 5068 526 5127 et
544 5063 628 5127 valet
644 5069 707 5130 eto.
725 5065 800 5130 lna.

306 5199 490 5267 Willelmus
505 5199 626 5282 Myndo
642 5201 682 5264 de
698 5201 731 5263 M
735 5203 821 5285 ynde
837 5202 869 5263 in
887 5200 1000 5265 eodem
1016 5204 1186 5279 comItatu,
1201 5201 1498 5285 gentilman,tenet
1512 5201 1601 5260 certa
1615 5202 1716 5260 terras
1731 5201 1767 5260 et

263 5293 451 5351 tenemeuta
466 5289 498 5349 in
517 5288 565 5353 Ls
581 5287 731 5354 Muunnn
747 5308 804 5371 per
828 5289 1001 5351 servicium
1028 5293 1142 5372 quarte
1166 5288 1270 5369 partis
1295 5288 1319 5372 j.
1336 5286 1359 5349 s.
1375 5307 1421 5352 m.
1438 5286 1479 5348 de
1503 5283 1593 5347 dioto
1617 5281 1766 5346 Johanne

263 5371 465 5440 Mautravers
481 5387 517 5439 et
532 5375 644 5439 valent
661 5381 725 5439 eto.
743 5376 817 5441 lna.

304 5494 390 5561 Item
411 5497 526 5561 dieunt
542 5497 629 5580 quod
645 5503 708 5560 etc.
727 5503 775 5576 (av
790 5498 917 5574 before).
