4117 6209
953 661 1037 725 al).
1064 663 1157 726 1431.
1732 658 1796 720 435

338 946 478 1010 Thomas
508 946 670 1011 Chaucere
700 949 740 1013 de
777 947 951 1035 [Evelme]
989 950 1023 1011 in
1062 949 1220 1011 comitatu
1258 944 1391 1025 Oxonie,
1428 946 1578 1029 armiger,
1612 942 1796 1005 Willelmus

298 1033 410 1096 Wroth
444 1036 484 1097 de
514 1035 651 1099 Newton
684 1036 804 1119 Pleycy
834 1038 869 1099 in
902 1038 1060 1099 comitatu
1096 1036 1288 1113 Somersete‚
1321 1032 1513 1117 gentiiman,
1549 1037 1580 1093 et
1613 1029 1797 1093 Willelmus

297 1120 421 1184 Powlet
442 1123 484 1185 de
508 1122 690 1186 Melccmbe
711 1126 747 1187 in
769 1126 927 1187 comitatu
950 1123 1143 1199 Semersete,
1163 1122 1356 1207 gentilman‚
1379 1121 1510 1182 fuerunt
1538 1118 1642 1181 seisiti
1672 1123 1734 1180 etc.
1757 1116 1797 1177 de

298 1210 441 1271 manerio
463 1210 502 1271 de
524 1210 670 1275 Navvrou
692 1211 822 1276 Pnarcv
844 1232 918 1273 cum
942 1212 1007 1273 suis
1029 1210 1252 1293 pertinenciis,
1267 1212 1301 1271 et
1323 1208 1405 1269 illud
1428 1207 1608 1269 manerium
1632 1224 1706 1266 cum
1731 1204 1797 1264 suis

297 1297 503 1377 pertinenciis
517 1302 695 1360 tenuerunt
710 1319 767 1381 per
782 1299 952 1360 servicium
968 1298 1156 1360 medietatis
1170 1297 1195 1381 j.
1211 1296 1234 1362 f.
1251 1317 1297 1361 m.

342 1418 518 1498 iohannes,
539 1419 633 1484 heres
655 1418 812 1485 Johannis
835 1420 999 1505 Clyvedon
1021 1423 1061 1485 de
1086 1422 1173 1488 Sales
1197 1422 1231 1483 in
1254 1421 1414 1483 comitatu
1429 1419 1623 1494 Wiltescire,
1646 1417 1795 1499 armiger,

297 1506 360 1570 fuit
385 1509 514 1570 seisitus
536 1515 598 1573 etc.
619 1509 661 1571 de
683 1510 780 1572 certis
802 1511 896 1572 terris
919 1516 953 1572 et
975 1510 1171 1573 tenementis
1193 1510 1228 1571 in
1251 1509 1368 1573 Neara
1392 1508 1568 1571 Parnason
1592 1505 1624 1566 in
1660 1503 1798 1587 socagio,

298 1601 332 1657 et
347 1595 456 1657 valent
470 1616 527 1677 per
541 1616 662 1658 annum
678 1595 763 1659 ultra
777 1598 930 1679 reprisam
946 1619 977 1661 x.
985 1598 1019 1661 li.

342 1715 525 1779 Wiilelmus
546 1716 669 1780 Powlet
690 1717 730 1779 de
744 1717 926 1780 Melcombe
941 1719 974 1780 in
990 1719 1151 1781 comitatu
1168 1718 1362 1795 Somersete,
1377 1715 1571 1801 gentilman,
1587 1714 1652 1777 fuit
1668 1714 1798 1777 seisitus

299 1810 361 1868 etc.
384 1804 426 1867 de
456 1806 600 1867 manerio
630 1804 671 1866 de
702 1804 889 1871 Maaecnsn
922 1826 996 1867 cum
1030 1807 1097 1869 suis
1130 1807 1338 1887 pertinenciis
1360 1806 1394 1867 in
1418 1804 1556 1885 sccagi0,
1578 1806 1612 1865 et
1634 1801 1719 1864 valet
1742 1820 1800 1882 per

299 1911 421 1954 annum
436 1891 523 1954 ultra
537 1893 691 1975 reprisam
706 1913 767 1957 cs.

344 2013 486 2076 Domina
514 2014 640 2076 Amicis
670 2013 773 2077 Malet
802 2015 842 2078 de
874 2014 1068 2101 Canyngtcn
1099 2018 1133 2079 in
1164 2018 1323 2079 comitatu
1357 2016 1550 2090 Somersete,
1572 2014 1701 2091 wedow,
1735 2011 1799 2075 fuit

302 2100 411 2163 saisita
441 2111 504 2165 etc.
526 2102 566 2164 de
598 2103 743 2163 manerio
775 2102 815 2165 de
846 2103 993 2168 Erinnae
1027 2123 1101 2165 cum
1124 2104 1336 2185 pertinenciis
1359 2104 1436 2181 suis,
1457 2110 1492 2165 et
1514 2100 1595 2163 iliud
1618 2099 1800 2163 manerium

300 2208 374 2249 cum
391 2189 457 2250 suis
472 2190 684 2271 pertinenciis
699 2190 809 2252 tenuit
823 2210 878 2272 per
892 2191 1061 2253 servicium
1078 2190 1265 2254 medietatis
1279 2191 1302 2276 j.
1319 2190 1342 2255 f.
1360 2211 1404 2255 m.

344 2316 530 2384 Willelmus
551 2315 695 2399 Godvvyn
718 2316 757 2379 de
779 2314 990 2399 Giilyngham
1013 2318 1047 2377 in
1071 2317 1229 2379 comitatu
1252 2316 1398 2391 Dorsete,
1419 2314 1568 2395 armiger,
1583 2311 1647 2373 fuit
1670 2310 1802 2372 seisitus

301 2409 362 2467 etc.
386 2404 427 2467 de
459 2405 603 2468 manerio
634 2404 674 2466 de
706 2404 956 2470 Lasnswcarar
978 2424 1052 2466 cum
1084 2404 1296 2486 pertinenciis
1327 2402 1361 2465 in
1394 2401 1533 2484 socagio‚
1566 2405 1601 2463 et
1624 2398 1710 2462 valet
1746 2416 1802 2480 per

301 2511 423 2554 annum
438 2492 525 2554 ultra
539 2490 691 2575 reprisam
707 2513 767 2556 es.

523 2754 729 2844 [Hennaeus
751 2779 794 2823 na
817 2757 1052 2825 OANYNTON
1076 2780 1116 2823 nr
1140 2759 1291 2826 NORTH
1315 2753 1580 2843 Parauaea]

347 2889 512 2955 Johannes
542 2891 632 2953 Hille
662 2892 702 2954 de
735 2890 878 2975 Sparten
912 2893 946 2954 in
977 2894 1137 2955 comitatu
1171 2892 1363 2970 Somersete,
1394 2893 1545 2976 armiger,
1577 2894 1611 2953 et
1643 2888 1803 2952 Rcbertus

303 2977 473 3041 Grendour
495 2978 535 3041 de
907 2978 1069 3058 ,fuerunt
1103 2982 1206 3043 seisiti
1230 2981 1268 3043 de
1291 2982 1386 3043 certis
1411 2981 1506 3043 terris
1537 2982 1572 3041 et
1605 2976 1803 3040 tenementis

302 3064 575 3237 {ildesidiRdandm'
599 3073 633 3130 et
658 3068 769 3130 eadem
796 3073 900 3131 terras
924 3072 957 3129 et
983 3074 1174 3131 tenementa
1198 3073 1374 3131 tenuerunt
1406 3087 1464 3151 per
1491 3066 1660 3129 servicium
1690 3069 1803 3146 quarte

347 3273 441 3337 Idem
457 3274 619 3340 Johannes
633 3274 724 3338 Hilie
738 3275 777 3337 de
794 3276 938 3357 Sparten
954 3276 1163 3339 incomitata
1191 3277 1387 3352 Somersete,
1409 3277 1561 3359 armiger,
1586 3274 1651 3336 fuit
1674 3273 1803 3334 saisitus

305 3365 367 3424 etc.
384 3361 425 3423 de
448 3362 594 3423 manerio
619 3360 661 3423 de
688 3362 835 3428 Samon
858 3383 933 3424 cum
956 3365 1165 3445 pertinenciis
1192 3364 1268 3442 suis,
1285 3370 1319 3426 et
1342 3362 1425 3425 iilud
1448 3363 1630 3425 manerium
1646 3379 1720 3422 cum
1737 3359 1804 3420 suis

305 3449 513 3528 pertinenciis
527 3447 635 3510 tenuit
650 3468 709 3529 per
723 3450 894 3511 servicium
910 3451 1096 3514 medietatis
1111 3452 1135 3535 j.
1152 3450 1175 3514 f.
1190 3472 1235 3515 m.

349 3568 441 3631 Idem
457 3569 478 3636 J
480 3567 623 3633 ohannes
639 3569 728 3632 Hille
744 3571 809 3633 fuit
824 3573 952 3635 saisitus
967 3578 1028 3636 etc.
1045 3574 1086 3637 de
1101 3574 1244 3637 manerio
1259 3574 1300 3636 de
1316 3576 1496 3639 Avaricum
1512 3573 1723 3656 pertinenciis
1738 3574 1804 3636 suis

305 3662 339 3719 et
354 3655 437 3717 illud
452 3658 631 3719 manerium
646 3677 719 3719 eum
735 3660 801 3720 suis
814 3662 1025 3741 pertinenciis
1040 3663 1149 3724 tenuit
1166 3682 1221 3744 per
1236 3662 1408 3723 servicium
1425 3667 1538 3743 quarte
1552 3661 1655 3743 partis
1673 3661 1700 3743 j.
1717 3662 1740 3723 f.
1756 3680 1802 3724 m.

349 3780 443 3843 Idem
466 3777 629 3846 ,Iohannes
653 3780 744 3843 Hille
768 3782 832 3844 fuit
856 3782 984 3845 saisitus
1006 3792 1068 3849 etc.
1094 3784 1134 3847 de
1160 3784 1258 3847 certis
1284 3786 1379 3847 terris
1402 3790 1436 3846 et
1462 3786 1659 3847 tenementis
1684 3785 1718 3847 in
1735 3784 1803 3851 Esr

306 3869 500 3933 Pcsrarsan
515 3872 549 3929 et
563 3868 662 3935 Wasr
679 3869 884 3947 Pcsravccs,
901 3877 935 3931 et
949 3871 1060 3934 eadem
1077 3880 1177 3934 terras
1193 3878 1226 3935 et
1241 3876 1430 3935 tenementa
1445 3873 1555 3935 tenuit
1570 3874 1602 3933 in
1620 3875 1757 3957 socagio,
1770 3880 1805 3935 et

307 3955 414 4017 valent
429 3975 484 4035 per
498 3973 619 4017 annum
634 3955 720 4018 ultra
734 3958 888 4038 reprisam
902 3978 963 4027 es.

349 4089 477 4170 Agneta
497 4082 649 4171 [Bevyle]
670 4087 710 4149 de
736 4062 995 4154 Seintmarieviii
1020 4091 1055 4151 in
1081 4090 1239 4152 comitatu
1265 4086 1435 4165 Cornubie,
1452 4087 1581 4165 aedon,
1606 4088 1669 4149 fuit
1692 4089 1805 4150 saisita

307 4180 368 4238 etc.
385 4175 425 4237 de
450 4175 548 4236 certis
572 4175 667 4235 terris
691 4180 724 4235 et
751 4178 946 4238 tenementis
969 4177 1004 4238 in
1028 4177 1208 4242 Fiamnoa
1235 4181 1268 4238 et
1296 4176 1455 4253 Nawuan,
1471 4180 1504 4238 et
1528 4175 1640 4237 eadem
1658 4180 1755 4238 terras
1770 4182 1805 4238 et

307 4268 494 4326 tenementa
508 4261 615 4323 tenuit
631 4282 688 4343 per
703 4262 872 4324 servicium
886 4269 1000 4345 quarte
1015 4266 1114 4346 partis
1125 4263 1151 4346 j.
1166 4264 1189 4324 f.
1206 4284 1251 4327 rn.

350 4390 512 4456 Johannes
538 4388 657 4471 Tryvet
681 4388 722 4450 de
748 4386 877 4450 Chilton
903 4389 1119 4452 incomitata
1145 4388 1336 4463 sumersete,
1354 4384 1579 4466 fraunkeleyn,
1595 4384 1660 4447 fuit
1676 4385 1804 4449 seisitus

307 4484 370 4541 etc.
401 4476 441 4538 dc
466 4475 564 4538 certis
588 4474 681 4537 terris
705 4480 740 4537 et
763 4476 960 4537 tenementis
984 4478 1019 4537 in
1043 4476 1192 4542 emmor
1217 4478 1252 4535 et
1277 4473 1400 4549 Corcura,
1431 4478 1465 4534 et
1495 4472 1608 4533 eadem
1639 4478 1740 4534 terras
1770 4480 1805 4535 et

307 4568 496 4627 tenementa
508 4563 618 4625 tenuit
632 4582 689 4644 per
704 4562 876 4624 servicium
892 4564 1080 4625 medietatis
1094 4562 1118 4647 j.
1136 4562 1159 4623 f.
1174 4582 1218 4625 m.

353 4686 444 4749 Idem
461 4682 625 4750 Johannes
638 4682 758 4765 Tryvct
773 4684 813 4747 de
828 4683 970 4758 Chilton,
988 4686 1149 4748 Rcbertus
1168 4682 1339 4765 Whyteny,
1357 4681 1509 4757 ehivaler,
1523 4681 1564 4742 de
1591 4678 1804 4744 Oterhamton

308 4776 343 4837 in
369 4774 527 4835 comitatu
556 4770 747 4848 Somersete‚
761 4776 795 4833 et
819 4771 994 4850 Johannes,
1014 4772 1106 4836 heres
1122 4772 1259 4839 Walteri
1286 4769 1423 4851 Romsye
1447 4769 1487 4831 de
1514 4766 1745 4849 Combevyche
1772 4772 1805 4831 in

307 4862 466 4926 comitatu
484 4860 675 4934 Somersete‚
692 4859 882 4941 gentiiman,
897 4859 1029 4923 fuerunt
1057 4860 1158 4923 seisiti
1184 4863 1244 4922 etc.
1261 4858 1301 4919 de
1325 4858 1420 4919 certis
1443 4856 1537 4917 terris
1563 4862 1597 4917 et
1612 4858 1807 4919 tenementis

308 4952 342 5012 in
356 4948 601 5014 Oruaaanercn
613 4952 648 5006 et
659 4944 899 5024 conspurcare,
910 4954 945 5009 et
956 4948 1068 5011 eadem
1079 4955 1179 5011 terras
1191 4952 1225 5008 et
1240 4951 1427 5009 tenementa
1442 4943 1549 5006 tenuit
1564 4962 1619 5025 per
1634 4944 1805 5006 servicium

309 5044 424 5121 quarte
441 5034 540 5116 partis
555 5033 578 5116 j.
594 5032 617 5094 f.
633 5052 678 5096 m.

352 5152 503 5229 Thomas,
516 5150 703 5234 capellanus
717 5153 852 5217 ecclesie
867 5153 1061 5218 cathedralis
1076 5155 1204 5234 Wellie,
1218 5154 1282 5215 fuit
1297 5153 1426 5215 seisitus
1441 5158 1504 5217 ete.
1529 5151 1568 5215 de
1591 5154 1687 5213 certis
1712 5156 1806 5216 terris

308 5248 344 5305 et
369 5242 566 5302 tenementis
591 5239 626 5299 in
653 5238 821 5319 Enusrcu,
847 5249 881 5305 et
906 5243 1019 5305 eadem
1044 5250 1144 5305 terras
1173 5249 1207 5305 et
1236 5246 1421 5303 tenementa
1450 5245 1626 5301 tenuerunt
1652 5240 1720 5317 (sic)
1749 5260 1807 5322 per

307 5330 479 5430 servicium
494 5327 617 5388 decime
633 5327 734 5408 partis
748 5328 773 5413 j.
790 5329 813 5391 f.
829 5350 873 5394 m.
890 5334 1078 5394 amortisata
1092 5332 1173 5394 citra
1193 5349 1314 5392 annum
1332 5326 1522 5391 vicesimum
1548 5328 1634 5409 regis
1658 5326 1806 5391 Edwardi

308 5436 417 5501 pnmr.
