4117 6209
944 631 1135 702 OXFORD‘.

722 922 944 990 Hououanuu
965 943 1009 990 nu
1033 923 1370 991 CHADLINGTON.

336 1055 516 1141 inquisicio
530 1062 626 1138 capta
641 1057 729 1140 apud
744 1057 963 1144 Chadlington
979 1059 1045 1144 xxj.
1061 1059 1114 1122 die
1131 1059 1213 1122 Maii
1229 1078 1314 1123 suno
1330 1058 1423 1144 regni
1439 1059 1522 1142 regis
1549 1057 1685 1121 Henrioi
1712 1060 1796 1121 sexti

291 1150 362 1225 post
378 1151 593 1228 conquestum
609 1144 692 1227 vij¹³⁰
708 1166 816 1209 coram
833 1153 896 1212 etc.
916 1152 964 1225 (os
979 1147 1106 1230 before).

334 1303 475 1368 Thomas
499 1305 659 1370 Chaucers
684 1318 718 1369 et
745 1306 934 1372 Elisabetha
961 1308 1144 1391 Dymmoke
1169 1313 1287 1371 tenent
1313 1307 1504 1370 immediate
1528 1315 1616 1372 certa
1642 1315 1744 1371 terras
1760 1315 1796 1370 et

291 1393 542 1565 pepemengpdpn
573 1393 789 1472 Hoeuorrou,
819 1414 882 1480 qne
906 1415 1011 1478 nuper
1036 1397 1167 1458 luerunt
1199 1395 1329 1457 Ricardi
1356 1392 1508 1478 Stonleyr
1535 1415 1592 1477 per
1619 1393 1795 1459 servicium

336 1615 541 1696 Hnmfridns,
557 1637 664 1682 eomes
680 1617 866 1699 Staffordie,
882 1626 972 1683 tenet
988 1621 1180 1684 immediate
1195 1627 1258 1685 etc.
1276 1625 1365 1684 certa
1378 1625 1482 1682 terras
1496 1625 1530 1682 et
1549 1623 1737 1682 tenemento
1759 1619 1795 1682 in

294 1704 509 1784 Summae,
523 1725 586 1790 qne
600 1725 703 1789 nuper
717 1707 853 1770 fuerunt
867 1705 1028 1774 Johauuis
1044 1707 1176 1791 Molyus
1192 1726 1251 1792 per
1266 1707 1436 1770 servicium
1451 1705 1496 1771 di.
1513 1703 1536 1769 i.
1553 1725 1598 1772 m.

336 1841 476 1905 Domina
491 1841 685 1922 Katherina‚
698 1847 811 1929 regins
826 1846 955 1930 hughe,
971 1849 1063 1909 tenet
1077 1846 1112 1908 in
1129 1844 1240 1909 dotem
1264 1850 1353 1908 certe
1377 1849 1477 1907 terras
1501 1849 1536 1906 et
1555 1848 1746 1908 tenemento
1760 1844 1795 1906 in

292 1931 428 2008 Assera
444 1949 508 2014 que
522 1950 625 2013 nuper
640 1930 773 1995 inerunt
791 1931 949 1996 Willelmi
963 1932 1003 1996 de
1022 1932 1138 1997 Boven
1153 1952 1211 2015 per
1225 1932 1399 1996 servicium
1415 1929 1452 2018 ij.
1468 1931 1492 1996 t.
1508 1951 1554 1997 m.

335 2060 499 2127 Johanues
513 2062 630 2148 Feriby
645 2071 735 2129 tenet
750 2065 941 2130 immediate
956 2072 1020 2130 etc.
1037 2073 1128 2130 certe
1141 2072 1243 2129 terras
1258 2069 1293 2128 et
1308 2068 1499 2129 tenemento
1512 2065 1548 2126 in
1563 2062 1718 2142 Ιιιιιιιιιι,
1732 2083 1795 2147 que

293 2169 396 2232 nuper
409 2149 543 2214 fuerunt
559 2152 629 2216 Ado
645 2151 827 2216 Sharishull
842 2173 898 2236 per
913 2155 1085 2218 servicium
1100 2153 1162 2239 iiij.
1180 2153 1282 2238 partis
1297 2153 1320 2218 f.
1337 2172 1383 2218 m.

335 2284 474 2351 Thomas
489 2287 704 2373 Bekyngham
718 2294 812 2354 tenet
826 2291 1017 2355 immediate
1031 2298 1093 2356 eto.
1109 2297 1199 2354 certe
1213 2294 1316 2354 terres
1329 2295 1364 2353 et
1379 2292 1567 2354 tenemento
1591 2290 1628 2351 in
1651 2288 1794 2355 hrum

293 2373 450 2456 predicta,
465 2394 529 2459 que
545 2395 648 2460 nuper
662 2376 795 2442 fuerunt
809 2376 968 2441 Johauuis
983 2378 1014 2442 le
1031 2379 1127 2462 Mury
1145 2398 1200 2460 per
1215 2376 1387 2441 servicium
1403 2375 1465 2460 iiij.
1484 2376 1587 2458 partis
1600 2375 1625 2440 f.
1642 2397 1688 2441 m.

336 2508 500 2576 Johanues
517 2511 639 2577 Barton
654 2519 689 2580 et
701 2513 887 2579 Willelmus
904 2515 1097 2600 Lychefelde
1111 2520 1226 2580 tenent
1241 2516 1277 2577 in
1293 2514 1443 2581 Inanunr
1454 2533 1528 2576 cum
1543 2513 1696 2577 membris
1710 2518 1797 2577 certe

291 2602 392 2748 gin?
406 2604 440 2662 et
455 2605 644 2664 tenementa
657 2622 720 2685 que
734 2623 837 2685 nuper
862 2602 996 2666 fuerunt
1023 2602 1152 2687 Bryauy
1167 2603 1209 2666 de
1237 2601 1410 2665 Cornevrell
1436 2621 1494 2683 per
1521 2601 1692 2664 servicium
1717 2600 1744 2684 j.
1762 2608 1796 2663 et

327 2733 335 2750 .
367 2707 437 2754 .m.

335 2807 438 2871 Heres
475 2808 636 2873 Johauuis
673 2810 831 2892 Drsyton‚
859 2809 1012 2890 chivaler,
1050 2815 1144 2874 tenet
1182 2810 1374 2873 immediate
1412 2811 1477 2873 etc.
1508 2812 1595 2870 certa
1631 2812 1732 2872 terras
1763 2811 1797 2870 et

291 2900 485 3060 iterperplents
499 2897 534 2960 in
550 2897 816 2978 carmennum,
833 2919 896 2984 que
912 2919 1016 2982 nuper
1033 2898 1166 2962 fuerunt
1182 2896 1314 2960 Ricardi
1328 2897 1368 2960 de
1391 2894 1521 2958 Novcrs
1546 2915 1602 2978 per
1626 2894 1795 2958 servicium

336 3103 444 3167 Abbes
466 3106 509 3168 de
528 3104 789 3186 Wynchecumbe
815 3113 908 3170 tenet
930 3109 965 3170 in
1010 3127 1103 3169 uram
1127 3107 1329 3169 elimosinam
1346 3111 1435 3168 certa
1449 3110 1548 3168 terras
1562 3107 1596 3164 et
1610 3104 1795 3164 tenementa
1867 3117 1874 3126 ·

291 3192 327 3253 in
342 3190 479 3257 Eusros
493 3197 527 3255 et
542 3192 705 3258 Tuscula
723 3193 816 3273 (sic)⁰
831 3192 871 3258 de
886 3128 1148 3277 Wynciecombe
1163 3214 1219 3276 per
1234 3193 1406 3257 servicium
1420 3190 1446 3277 j.
1462 3190 1486 3257 f.
1503 3211 1547 3254 ns.

338 3327 451 3392 Custos
465 3329 595 3414 collegii
611 3331 745 3393 ecclesie
760 3329 877 3394 Sancte
892 3331 995 3395 Maris
1010 3331 1052 3395 de
1068 3332 1192 3395 Oxouia
1208 3335 1299 3393 tenet
1313 3335 1402 3391 certe
1428 3341 1530 3392 terras
1552 3333 1586 3392 et
1611 3329 1796 3390 tenementa

291 3415 328 3477 in
342 3415 511 3482 chma
526 3436 583 3499 per
597 3419 772 3480 servicium
788 3417 850 3504 iiij.
867 3420 971 3502 partis
986 3420 1008 3484 t.
1025 3439 1069 3484 m.
1085 3420 1249 3503 qnondam
1265 3415 1408 3480 Gilberti
1423 3413 1624 3499 Chasteleyn.

335 3551 501 3617 Johanues
526 3553 648 3618 Beaufo
674 3561 769 3621 tenet
793 3557 986 3621 immediate
1014 3565 1079 3623 etc.
1097 3561 1186 3621 certa
1213 3564 1312 3620 terras
1327 3562 1362 3618 et
1376 3560 1564 3618 tenementa
1579 3554 1612 3614 in
1629 3552 1796 3616 Krrsenssr

293 3639 451 3723 predicta,
465 3661 528 3725 que
542 3662 646 3725 nuper
660 3641 794 3707 fuerunt
810 3645 941 3708 Ricardi
957 3644 1097 3709 Bedford
1114 3665 1172 3726 per
1188 3643 1361 3707 servicium
1376 3640 1437 3726 iiij.
1454 3641 1557 3724 partis
1572 3639 1595 3704 f.
1612 3660 1657 3704 m.

339 3775 443 3840 Heres
469 3775 620 3840 Nicholai
648 3778 780 3843 Burnell
805 3788 901 3844 tenet
922 3780 1118 3844 immediate
1141 3785 1205 3843 etc.
1232 3783 1322 3841 certa
1352 3783 1454 3840 terras
1483 3783 1517 3840 et
1545 3780 1735 3838 tenemento
1762 3775 1798 3836 iu

292 3863 565 3931 Romnuuaronr
580 3863 712 3944 Mrem,
727 3887 790 3952 que
806 3887 910 3951 nuper
927 3867 1060 3931 fuerunt
1075 3867 1215 3949 predicti
1230 3863 1381 3927 Nicholai
1396 3882 1452 3944 per
1467 3863 1641 3925 servicium
1656 3861 1700 3925 di.
1716 3861 1740 3924 i.
1751 3882 1797 3926 m.

337 3999 430 4064 Prior
444 4001 483 4063 de
498 4000 716 4067 Goldenorton
731 4008 824 4067 tenet
838 4004 873 4065 in
889 4023 1004 4088 puram
1020 4002 1233 4066 elemosinam
1248 4007 1335 4062 certa
1361 4002 1462 4059 terrae
1487 4005 1521 4058 et
1547 4002 1739 4059 tenements
1763 3999 1799 4059 in

292 4087 558 4238 (Iilpmplrlvnarcnr
582 4089 734 4172 predicta,
762 4110 825 4174 que
851 4109 956 4174 nuper
982 4090 1116 4152 fuerunt
1143 4085 1308 4168 Radulphi
1332 4079 1527 4168 Staff[0rd]‚
1552 4100 1609 4162 per
1624 4083 1798 4143 servicium

336 4292 499 4358 Johanues
515 4292 644 4373 Blalret,
660 4294 813 4372 chivaler,
828 4303 921 4359 tenet
934 4294 1126 4358 immediate
1152 4301 1216 4357 cto.
1245 4297 1337 4353 certe
1361 4293 1462 4351 terras
1486 4294 1521 4350 et
1546 4289 1738 4348 tenemeuta
1763 4287 1798 4348 ιιι

293 4382 590 4464 Continuumque
605 4401 708 4464 nuper
723 4382 1030 4447 iueruutJohannis
1045 4379 1214 4457 Fulmede,
1232 4398 1287 4461 per
1303 4375 1475 4440 servicium
1491 4373 1537 4438 di.
1554 4370 1578 4438 f.
1594 4393 1640 4437 m.

335 4514 438 4578 Heres
469 4515 619 4577 Elianore
650 4517 690 4578 de
723 4515 853 4580 Bercole
884 4521 977 4580 tenet
1006 4514 1201 4577 immediate
1230 4519 1318 4575 certa
1348 4517 1450 4573 terres
1480 4513 1515 4571 et
1545 4512 1734 4570 tenements
1763 4505 1799 4568 iu

292 4601 481 4669 Wnsnnnnn
495 4609 529 4666 et
545 4600 737 4680 Funsaoua,
753 4624 816 4688 que
831 4623 934 4686 nuper
949 4603 1083 4666 fuerunt
1096 4601 1183 4664 dicte
1200 4599 1352 4661 Elianore
1368 4616 1425 4680 per
1440 4597 1612 4660 servicium
1626 4595 1652 4680 1'.
1668 4595 1692 4656 f.
1707 4613 1752 4658 m.

337 4737 501 4802 Johanues
515 4738 647 4803 Golafre
662 4744 754 4803 tenet
770 4739 962 4802 immediate
976 4745 1039 4802 etc.
1054 4743 1144 4800 certa
1157 4742 1260 4800 terras
1275 4743 1311 4798 et
1335 4740 1523 4798 tenementa
1547 4733 1582 4795 in
1611 4731 1799 4806 Sasernas,

293 4843 356 4905 que
372 4843 477 4906 nuper
490 4827 625 4887 fuerunt
640 4823 763 4888 Thome
780 4825 911 4890 Golaire
926 4846 984 4909 per
999 4824 1173 4889 servicium
1189 4824 1214 4911 j.
1232 4823 1255 4887 i.
1270 4844 1314 4887 m.

338 4959 478 5022 Thomas
514 4958 730 5044 Belryngham
766 4967 857 5026 tenet
894 4962 1086 5026 immediate
1123 4969 1185 5027 etc.
1216 4967 1306 5026 certa
1343 4967 1445 5024 terras
1482 4963 1517 5022 et
1547 4959 1737 5021 tenemento
1764 4954 1801 5016 in

296 5048 495 5125 Ριιιιιιοοιιι,
511 5066 575 5130 que
590 5067 696 5131 nuper
709 5047 843 5112 fuerunt
857 5049 994 5113 Walteri
1011 5049 1137 5133 Mauuy
1151 5070 1208 5134 per
1223 5049 1397 5112 servicium
1411 5046 1436 5133 j.
1452 5046 1475 5112 f.
1492 5066 1537 5113 m.

337 5180 501 5247 Johanues
516 5182 635 5248 Blaket
650 5195 740 5250 teuet
756 5188 946 5251 immediate
962 5195 1026 5253 etc.
1043 5194 1133 5252 certa
1149 5192 1250 5250 terrae
1265 5192 1299 5250 et
1314 5187 1504 5249 tenementis
1519 5181 1797 5257 incarceratos,

295 5289 359 5352 que
374 5287 478 5350 nuper
495 5270 628 5334 fuerunt
642 5271 801 5336 Johauuis
816 5274 925 5359 Trylle
942 5297 998 5359 per
1012 5277 1186 5339 servicium
1202 5274 1247 5336 di.
1265 5275 1287 5336 f.
1305 5293 1350 5338 m.

965 5448 1025 5496 'See
1034 5460 1063 5508 p.
1078 5443 1134 5498 160.
1264 5427 1268 5434 ’
