4117 6209
913 600 1163 672 SOMERSET.

608 890 816 979 [Hennaeus
837 914 882 960 ns
903 892 1107 961 ABBEDIK
1129 916 1170 959 ar
1192 892 1459 981 BULSTONE]

327 1054 506 1141 Inquisitio
527 1062 624 1138 capta
644 1056 732 1139 apud
754 1052 985 1120 Yevelchestre
1007 1066 1070 1121 etc.
1097 1061 1144 1135 (os
1168 1060 1294 1141 before),
1318 1078 1374 1139 per
1395 1064 1633 1120 sacramentnm
1656 1056 1780 1119 Thorne

283 1140 442 1220 Wslsshe,
468 1142 628 1207 Johsnnis
665 1143 793 1226 Kayell,
822 1142 984 1207 Johsnnis
1023 1145 1231 1228 Wydcombe,
1261 1145 1421 1207 Johannis
1458 1145 1590 1229 Oxeley,
1623 1144 1778 1211 Wiilelmi

280 1226 446 1307 Wslrond,
470 1229 602 1293 Ricardi
628 1230 760 1308 Huvet,
788 1231 935 1294 Edwardi
963 1230 1102 1310 Boteler,
1128 1232 1262 1295 Henrici
1289 1232 1483 1316 Messagere,
1504 1232 1627 1295 Thome
1656 1231 1779 1314 Cavey,

279 1315 439 1383 willelmi
455 1318 575 1403 Osgod,
592 1316 736 1381 Simonis
752 1319 936 1402 Bradevvey,
951 1326 985 1381 et
1002 1319 1118 1401 Rogeri
1137 1320 1316 1401 Markelyo,
1332 1324 1389 1404 qui
1404 1321 1519 1382 dicunt
1534 1328 1596 1384 etc.
1612 1320 1698 1402 quod
1712 1345 1766 1385 :-

325 1505 499 1585 Johanues,
525 1528 636 1571 comes
663 1506 858 1585 Somersete,
879 1510 1022 1571 existens
1048 1510 1082 1570 in
1108 1509 1255 1591 partibus
1281 1510 1515 1587 transmarinis,
1531 1516 1567 1573 et
1593 1511 1625 1571 in
1649 1510 1780 1591 prisona

281 1594 449 1673 detentus,
465 1594 532 1657 iuit
547 1595 679 1659 seisitus
692 1602 756 1658 etc.
772 1594 813 1658 de
827 1598 970 1659 manerio
991 1597 1033 1660 de
1056 1596 1145 1663 Gonr
1160 1598 1295 1661 Rrvann
1316 1617 1390 1659 cum
1416 1596 1626 1679 pertinenciis
1648 1598 1725 1675 suis,
1747 1604 1781 1659 et

280 1682 366 1746 illud
380 1684 560 1747 manerium
577 1703 654 1745 cnm
668 1683 882 1766 pertinenciis
896 1684 963 1745 suis
978 1685 1090 1747 tenuit
1104 1704 1161 1767 per
1174 1686 1347 1747 servicium
1362 1684 1387 1768 j.
1401 1682 1424 1747 i.
1440 1706 1486 1749 m.

327 1845 518 1928 Radulpbns
540 1843 667 1909 Busche
692 1846 732 1909 de
758 1844 914 1910 Canndeil
944 1846 1084 1909 Haddon
1110 1847 1145 1908 in
1175 1848 1333 1909 comitatu
1365 1846 1510 1921 Dorsete,
1541 1848 1689 1931 armiger,
1717 1846 1783 1908 tuit

283 1932 416 1997 scisitns
436 1941 500 1997 etc.
516 1932 557 1996 de
580 1934 723 1996 manerio
745 1935 786 1996 de
808 1935 1008 1999 Issenswrn
1028 1954 1104 1997 cum
1127 1935 1337 2018 pertinenciis
1361 1936 1438 2013 suis,
1453 1942 1483 1998 et
1501 1934 1583 1996 illud
1599 1934 1780 1997 manerium

281 2040 358 2085 cum
372 2021 582 2104 pertinenciis
595 2022 663 2085 suis
677 2022 786 2084 tenuit
800 2042 857 2105 per
871 2021 1042 2083 servicium
1058 2028 1168 2084 octave
1184 2022 1286 2103 partis
1300 2022 1324 2105 j.
1341 2022 1364 2085 i.
1381 2044 1426 2087 m.

324 2174 466 2239 Thomas
482 2175 712 2258 Beauchsump
726 2176 766 2239 de
781 2174 874 2241 Whit
891 2175 1083 2257 Lakyngton
1101 2176 1135 2237 in
1151 2177 1310 2238 comitatu
1338 2175 1532 2253 Somersete,
1549 2174 1703 2251 cbivaier,
1719 2174 1783 2237 init

281 2262 414 2327 saisitus
441 2268 504 2326 etc.
535 2263 576 2325 de
606 2264 749 2325 manerio
778 2262 819 2325 de
843 2264 944 2328 Wnrr
968 2263 1167 2327 Irssvncrou
1194 2284 1268 2325 cum
1298 2264 1365 2325 suis
1391 2262 1614 2347 pertinenciis,
1635 2270 1666 2325 et
1700 2262 1782 2324 illud

279 2350 461 2414 manerium
476 2370 552 2413 cum
567 2350 634 2412 suis
649 2351 860 2433 pertinenciis
875 2352 985 2413 tenuit
1001 2370 1059 2433 per
1073 2350 1245 2413 servicium
1260 2351 1385 2412 decime
1400 2360 1468 2433 part
1475 2351 1502 2413 is
1515 2351 1540 2434 j.
1559 2350 1581 2414 i.
1597 2371 1640 2415 m.

324 2510 498 2596 Philippus
524 2511 716 2595 courtenay,
743 2513 848 2587 miles,
871 2510 913 2576 de
939 2510 1120 2576 Poderbam
1148 2514 1181 2575 in
1208 2513 1369 2575 comitatu
1399 2512 1553 2591 Devonie,
1575 2514 1721 2577 existens
1746 2515 1781 2575 in

280 2600 427 2683 partibus
449 2600 673 2663 transmarinis
694 2601 727 2662 in
750 2600 905 2663 comitiva
926 2600 1050 2662 domini
1073 2602 1172 2684 regis,
1188 2600 1253 2663 tuit
1276 2601 1406 2663 seisitus
1426 2607 1489 2663 eto.
1505 2601 1546 2661 de
1570 2601 1715 2663 manerio
1744 2602 1785 2664 de

281 2688 452 2755 Srvvnnnv
466 2707 540 2749 oum
563 2688 771 2769 pertinenciis
793 2689 871 2765 suis,
886 2694 922 2749 et
943 2686 1025 2749 iilud
1048 2690 1229 2750 manerium
1252 2706 1327 2751 cum
1351 2690 1417 2749 suis
1439 2688 1649 2771 pertinenciis
1670 2690 1783 2751 tenuit

281 2795 339 2857 per
352 2774 524 2838 servicium
540 2779 655 2857 quarte
668 2776 773 2857 partis
787 2775 812 2860 j.
828 2774 850 2837 f.
867 2796 912 2839 m.

324 2934 481 3001 Ricardus
496 2936 617 3011 Nevili,
630 2956 737 3000 comes
755 2936 1174 3013 Sarisburie,ii1itseisitus
1189 2939 1252 3001 etc.
1265 2935 1306 2999 de
1321 2936 1465 2998 manerio
1479 2936 1520 2998 de
1535 2936 1692 3003 Douvsrs
1707 2958 1783 3001 cnm

278 3025 347 3089 suis
372 3024 595 3106 pertinenciis,
608 3031 642 3087 et
668 3024 751 3086 illud
774 3025 955 3086 manerium
978 3045 1051 3085 oum
1079 3024 1145 3086 suis
1173 3024 1382 3101 pertinenciis
1407 3025 1516 3085 tenuit
1538 3044 1597 3106 per
1610 3026 1781 3087 servicium

280 3117 396 3196 quarte
411 3111 514 3193 partis
528 3110 552 3195 j.
568 3110 592 3175 f.
608 3132 654 3175 m.

323 3271 501 3351 Johsnnes,
524 3272 675 3335 dominns
696 3272 736 3335 de
758 3272 905 3357 Typtoit,
921 3272 1115 3336 senescallus
1137 3269 1276 3356 hospicii
1298 3272 1424 3335 domini
1445 3272 1543 3356 regis,
1559 3270 1624 3335 suit
1650 3274 1783 3339 saisitus

278 3367 342 3427 etc.
358 3361 399 3424 de
414 3361 559 3425 manerio
574 3360 614 3422 de
624 3360 719 3430 ,Coss
733 3360 853 3426 Meusr
867 3381 943 3422 oum
958 3360 1026 3423 suis
1042 3360 1265 3442 pertinenciis,
1279 3366 1311 3423 et
1327 3359 1411 3423 illud
1426 3360 1607 3423 manerium
1623 3382 1697 3424 cum
1713 3364 1782 3427 suis

280 3447 490 3533 pertinenciis
504 3448 616 3511 tenuit
632 3467 689 3530 per
703 3448 879 3511 servicium
895 3446 1085 3511 medietatis
1100 3448 1125 3532 j.
1143 3446 1165 3510 i.
1181 3468 1226 3511 m.

325 3612 364 3674 In
379 3610 472 3697 cujus
486 3610 535 3673 rei
549 3614 613 3673 etc.

646 3848 854 3937 [Huunnsns
876 3873 920 3917 nn
942 3851 1123 3919 BRUTON
1148 3873 1188 3916 nr
1211 3849 1416 3938 NORTON]

323 4011 499 4096 Inquieicio
520 4018 617 4094 capta
638 4014 725 4095 apud
749 4012 957 4078 Yvelchestre
978 4020 1041 4076 etc.
1069 4018 1117 4091 (os
1141 4015 1269 4091 before),
1300 4032 1356 4092 per
1382 4021 1620 4076 sacramentum
1650 4014 1780 4079 Roberti

279 4098 450 4176 Csmmeli,
472 4097 596 4161 Thome
619 4098 805 4178 Blaneford,
830 4100 959 4165 Roberti
983 4101 1133 4178 Walters,
1156 4100 1278 4163 Thome
1303 4100 1443 4178 lrovelle,
1469 4098 1627 4163 Johsnnis
1643 4102 1780 4182 Fronlre,

279 4186 422 4250 Simonis
461 4184 629 4267 Huchyns,
665 4185 824 4250 Johsnnis
861 4187 1020 4272 Mallyng,
1060 4187 1209 4250 Nicholai
1250 4188 1423 4270 Hamelyn,
1461 4187 1617 4253 Willeimi
1658 4188 1782 4268 Keche,

277 4274 437 4337 Johsnnis
459 4272 643 4355 Gedehyne,
671 4274 817 4337 [idvrardi
840 4274 987 4359 Hobbys,
1011 4282 1046 4337 et
1069 4272 1228 4338 Johsnnis
1252 4273 1487 4351 Hokkevvorth,
1512 4276 1570 4356 qui
1585 4276 1699 4339 dicunt
1714 4283 1777 4342 etc.

279 4360 430 4445 quodz'-

321 4533 478 4596 Ricardus
494 4532 613 4612 Neviil,
630 4556 737 4600 comes
753 4534 945 4615 Sarisburie,
960 4535 1025 4598 tuit
1040 4537 1171 4599 saisitus
1185 4540 1246 4597 etc.
1262 4534 1303 4597 de
1326 4535 1477 4597 maneriis
1504 4535 1544 4596 de
1560 4534 1779 4603 sttvusrou

278 4628 312 4686 et
344 4621 497 4689 saeuos
528 4621 722 4689 Moursonw
751 4644 826 4687 curn
856 4644 969 4687 eornm
999 4624 1221 4707 pertinenciis,
1249 4630 1284 4685 et
1314 4622 1372 4684 ills
1402 4622 1547 4685 maneria
1569 4642 1643 4685 curn
1670 4645 1779 4688 eorum

280 4708 491 4793 pertinenciis
507 4712 616 4773 tenuit
630 4730 688 4794 per
703 4713 876 4775 servicium
893 4709 1079 4775 medietatis
1092 4710 1117 4796 j.
1133 4710 1156 4775 f.
1171 4731 1216 4775 m.

321 4868 482 4933 Johsnnes
498 4870 642 4953 Roggers
658 4872 697 4934 de
713 4870 935 4953 Brysuneston
952 4871 987 4933 in
1002 4870 1163 4934 comitatu
1180 4868 1324 4947 Dorsete,
1343 4867 1543 4947 membrum,
1559 4870 1624 4933 suit
1647 4872 1780 4936 saisitus

277 4964 340 5021 etc.
356 4956 397 5019 de
420 4959 564 5020 manerio
585 4958 626 5019 de
649 4958 783 5023 Muros
808 4960 843 5019 in
859 4959 1029 5021 hundredo
1044 4958 1085 5020 de
1101 4956 1224 5019 Bruton
1241 4976 1315 5019 curn
1332 4958 1399 5019 suis
1415 4958 1634 5039 pertinenciis,
1650 4967 1684 5022 et
1697 4959 1780 5025 illud

277 5044 459 5107 manerium
473 5065 548 5107 cum
563 5046 629 5107 suis
645 5046 855 5128 pertinenciis
870 5046 979 5108 tenuit
994 5066 1051 5128 per
1067 5044 1238 5107 servicium
1254 5048 1368 5125 quarte
1383 5046 1483 5127 partis
1497 5044 1521 5130 j
1538 5043 1562 5109 i.
1578 5066 1624 5110 m.

320 5206 472 5269 Alioncrs
490 5209 572 5284 (sio),
589 5228 652 5291 que
666 5227 769 5289 nuper
786 5206 848 5269 fuit
864 5228 942 5269 uxor
956 5207 1071 5271 Jacobi
1088 5206 1161 5269 Fitz
1176 5205 1287 5270 James
1302 5205 1344 5268 de
1361 5204 1536 5288 Redelyssh
1561 5208 1596 5269 in
1619 5210 1780 5273 comitatu

278 5292 472 5371 Somersete,
484 5292 614 5369 wedov,
626 5293 691 5357 suit
705 5295 817 5357 saisita
831 5305 894 5358 etc.
907 5294 947 5356 de
964 5296 1109 5358 manerio
1124 5292 1164 5355 de
1177 5294 1375 5359 Bassusssu
1386 5314 1460 5355 cum
1477 5294 1545 5357 suis
1559 5297 1780 5377 pertinenciis,

279 5386 314 5445 et
329 5380 412 5442 illud
430 5382 608 5443 manerium
624 5402 699 5443 cum
715 5384 781 5443 suis
796 5382 1007 5464 pertinenciis
1023 5382 1130 5443 tenuit
1145 5401 1201 5463 per
1217 5382 1388 5444 servicium
1404 5390 1518 5461 quarte
1535 5384 1636 5464 partis
1650 5384 1674 5467 j.
1691 5384 1715 5449 i.
1732 5405 1778 5452 m.
