4117 6209
919 694 1001 764 A-D.
1027 697 1124 762 1316.

401 983 488 1047 Villa
503 983 544 1047 de
1106 985 1267 1050 Dominus
1280 983 1428 1069 ejusdem
1520 990 1526 999 ’

314 1121 546 1188 aneenme
658 1161 668 1172 -
720 1167 722 1172 ·
759 1163 769 1173 -
860 1163 870 1174 -
961 1163 971 1174 -
1017 1123 1201 1187 Willelmue
1216 1123 1247 1186 le
1263 1121 1399 1188 Botiler.

313 1255 493 1323 cheemn
553 1295 969 1312 -----
1013 1258 1035 1322 J
1037 1257 1180 1323 ohennee
1194 1257 1235 1322 de
1249 1257 1399 1323 Gerenne
1420 1255 1626 1346 [warenne]

317 1393 489 1462 Soumoem
554 1433 971 1448 -----
1017 1396 1175 1460 Rieerdm
1190 1397 1231 1460 de
1247 1395 1412 1462 Sontford.

314 1533 567 1598 Anemonem·
658 1573 668 1584 ·
797 1573 802 1584 ·
860 1574 870 1585 -

316 1671 448 1738 Bemole
464 1692 586 1738 sumus
602 1673 699 1738 me
760 1713 770 1723 -

317 1811 471 1878 Dmmm
488 1833 523 1878 m
540 1811 589 1877 Im
607 1811 722 1877 Hemes
761 1851 772 1862 -
862 1849 873 1861 -

316 1951 466 2018 Woumm

317 2087 498 2153 Daemon
558 2127 569 2138 ·
660 2127 671 2138 -
760 2128 771 2140 ·
861 2129 872 2140 ·

318 2225 577 2292 Weouxesnowe
659 2265 669 2275 -
760 2266 770 2276 -
862 2264 872 2277 ·

317 2363 482 2429 Honmem

318 2501 569 2566 Mmmnemnem
658 2539 669 2551 ·
759 2539 769 2550 ·
861 2540 871 2551 -

317 2617 414 2704 Lme'
425 2657 548 2705 sumus
564 2638 761 2703 Bnocflunse

319 2776 459 2843 Momm«
475 2777 606 2843 Cenem
662 2816 672 2827 ·
763 2817 774 2827 -
865 2817 874 2828 -

961 1575 972 1586 -
1017 1534 1264 1599 Bmlholomeue
1278 1534 1318 1599 de
1333 1533 1550 1600 Bedleemere.

861 1714 872 1725 -
923 1701 930 1732 .’
962 1713 972 1726 -
1018 1673 1125 1738 Abba!
1139 1671 1282 1758 salopie.

962 1849 973 1862 -
1018 1811 1125 1876 Abbee
1139 1813 1180 1877 de
1195 1811 1433 1879 cumbermere.

1022 1949 1207 2015 willelmus
1221 1949 1357 2034 Meyler.

1020 2089 1203 2155 Willelmue
1216 2091 1259 2156 de
1273 2089 1463 2156 Deorinten.

964 2267 975 2278 -
1021 2226 1207 2293 Willelmue
1221 2227 1262 2292 de
1277 2208 1420 2293 Stuehe}

1023 2363 1206 2430 willelmus
1220 2364 1261 2429 de
1276 2363 1440 2430 Hodenet.

963 2541 973 2551 -
1018 2501 1194 2566 Nieholeue
1208 2501 1249 2566 de
1263 2499 1441 2584 Audeleye.

864 2679 874 2689 -
965 2679 975 2690 -
1022 2638 1114 2704 Idem
1129 2637 1318 2705 Nicholeus.

965 2817 976 2828 -
1021 2776 1182 2842 Roberlue
1196 2775 1324 2846 corbet.

1023 2915 1169 3001 Rogerue
1183 2913 1312 2981 corbet.

321 3051 492 3121 Semelen
561 3091 571 3102 ·
662 3091 673 3103 ·
765 3093 775 3103 ·
865 3094 876 3104 -
961 3026 977 3104 ¹-
1023 3052 1164 3118 Thomas
1179 3053 1220 3118 de
1236 3053 1333 3137 Leye.

320 3187 510 3254 Semnum
561 3227 975 3239 -----
1021 3188 1182 3254 Henriem
1197 3189 1237 3254 de
1253 3187 1427 3254 Erdinten.

318 3326 523 3393 Wmmeoen
560 3365 976 3377 -----
1022 3327 1162 3391 Thomas
1178 3327 1267 3392 filine
1281 3326 1369 3392 Aeri.

319 3463 482 3530 Eecmwe
1024 3464 1208 3529 Willelmue
1221 3464 1262 3529 de
1276 3463 1428 3529 Ereelwe.

320 3601 504 3667 Bouenwes
562 3639 572 3650 ·
663 3640 673 3650 -
742 3640 777 3682 Ι-
868 3640 879 3651 -
967 3635 981 3646 -
1027 3600 1166 3665 Ieebelle
1179 3601 1352 3665 Extrmee.

322 3733 571 3800 Cneeewmem
666 3773 676 3784 ·
767 3773 777 3784 -
866 3769 880 3780 ·
970 3773 981 3783 -
1025 3733 1191 3799 Johennee
1206 3733 1402 3797 Extmneue.

322 3867 524 3934 (lummene
562 3907 980 3918 -----
1026 3868 1135 3933 Abbee
1150 3869 1191 3932 de
1207 3865 1450 3965 Cumbemere.

971 4048 982 4059 -
1026 4009 1228 4075 Theobeldue
1242 4010 1283 4073 de
1294 4005 1439 4072 Verdun.

322 4135 431 4204 val
445 4135 609 4202 Eecmwe
665 4175 676 4186 -
766 4177 777 4188 -
868 4179 878 4190 -
969 4177 979 4187 -
1025 4136 1138 4203 Comee
1152 4135 1353 4201 Arundellie.

322 4274 495 4342 Hmseon
562 4314 980 4327 -----
1025 4275 1211 4342 Willelmue
1225 4275 1256 4342 le
1270 4273 1406 4339 Betiler.

321 4412 553 4480 Oflemewmne
665 4453 675 4463 -
766 4454 776 4463 -
865 4454 876 4465 -
967 4453 978 4463 ·
1024 4413 1191 4479 Johennee
1204 4414 1245 4479 de
1260 4408 1470 4495 Chelewynd.

324 4007 431 4075 Smne
452 4029 557 4074 emme
572 4007 685 4074 Tenue
768 4045 775 4056 ·
869 4050 880 4062 -

320 4549 513 4617 Eeemnou
562 4589 980 4602 -----
1026 4551 1190 4616 Johennee
1203 4549 1243 4614 de
1258 4548 1439 4634 Bmynton.

320 4667 502 4755 Lmenum'
562 4723 978 4740 -----
1025 4689 1131 4754 Abbee
1145 4689 1186 4754 de
1201 4685 1383 4754 Lilleehull.

321 4823 486 4892 Woncome

322 5097 415 5166 Lme
431 5099 681 5178 Mammulae)
763 5139 773 5150 ·
864 5141 874 5151 -

326 5235 553 5304 Smecnesnm
668 5275 679 5286 -
766 5277 777 5288 -
869 5277 880 5288 -

324 5373 506 5442 anlmu
565 5407 580 5422 ·
668 5413 679 5424 -
770 5415 780 5424 -
870 5414 881 5424 ·

321 5509 580 5576 Weocxweenm
666 5549 677 5559 ·
767 5551 777 5561 -
868 5551 879 5561 -

1026 4825 1221 4890 Edmundue
1235 4825 1276 4888 de
1288 4823 1433 4888 Morton.

1023 4963 1169 5050 Rogerue
1185 4962 1311 5029 corbet.

966 5139 976 5148 -
1022 5101 1185 5166 Robertue
1199 5098 1337 5167 Toehel.

967 5269 983 5282 ·
1028 5237 1136 5302 Abbee
1150 5238 1190 5306 de
1205 5236 1388 5303 Buldewee.

1028 5372 1194 5440 Johannee
1208 5375 1249 5438 de
1264 5373 1432 5438 Heulowe.

969 5548 980 5559 -
1027 5510 1130 5576 Fulee
1145 5511 1339 5576 Extreneue.
