4117 6209
949 619 1032 686 sn.
1057 622 1153 687 14s1.
1733 611 1796 680 2⁷1

344 877 483 949 Thomas
498 889 664 960 cherleton
681 857 720 962 de
736 900 907 967 Cherleton
923 907 956 969 in
972 907 1086 970 eodem
1102 911 1273 985 comitutu,
1287 909 1440 991 armiger,
1455 909 1548 969 tenet
1558 901 1744 1005 manerium
1759 897 1798 960 de

302 963 505 1041 Wmuuoun
541 980 660 1050 Misus
697 1009 753 1069 per
790 994 962 1056 servicium
993 996 1183 1060 medietatis
1216 997 1242 1081 j.
1274 998 1298 1061 t.
1329 1017 1374 1061 m.
1406 994 1448 1057 de
1479 992 1621 1075 predtcto
1650 986 1798 1050 Johenne

301 1049 511 1140 Mansuete,
525 1071 609 1150 quod
624 1075 712 1136 vaiet
727 1080 789 1138 etc.
804 1099 832 1143 c.
846 1103 872 1144 s.

342 1190 480 1261 Thomas
494 1200 644 1286 chport
659 1210 699 1275 de
716 1213 876 1280 Ercslowc
905 1218 938 1281 in
964 1220 1080 1284 codem
1105 1224 1276 1300 comitatu,
1290 1220 1490 1305 genteimen,
1507 1218 1601 1278 tenet
1618 1212 1797 1274 manerium

298 1276 537 1442 ἀθιΕιιοΑιοναῗ
554 1291 675 1363 Mucius
690 1320 747 1383 per
763 1305 933 1368 servicium
955 1306 983 1392 j.
1000 1308 1022 1370 f.
1041 1330 1086 1374 m.
1104 1309 1145 1373 de
1159 1309 1304 1393 predicto
1319 1306 1470 1371 Johcnne
1485 1302 1700 1375 Mautravcrs,
1712 1295 1798 1380 quod

296 1383 335 1426 vc
349 1375 384 1430 ct
399 1383 460 1438 etc.
478 1395 507 1441 x.
530 1379 552 1444 i.

340 1507 522 1580 Willslmus
538 1519 675 1604 Ferreus,
690 1530 794 1609 miles,
809 1537 902 1598 tenet
918 1537 1101 1599 manerium
1117 1537 1158 1600 de
1172 1537 1466 1633 Norensem-per
1480 1527 1651 1592 servicium
1666 1522 1694 1605 j.
1713 1522 1735 1584 f.
1752 1541 1798 1585 m.

294 1597 327 1655 et
343 1599 532 1669 medietatis
541 1608 569 1690 j.
586 1610 606 1672 f.
624 1634 668 1678 m.
685 1614 725 1679 dc
741 1616 883 1684 Walters
900 1623 997 1707 Lacy,
1012 1624 1098 1708 quod
1113 1623 1201 1686 vaiet
1215 1630 1277 1686 stc.
1295 1643 1366 1686 xxx.
1377 1621 1413 1684 lc.

337 1732 506 1804 Johcnnes
533 1745 621 1811 Kent
646 1756 680 1814 et
706 1757 882 1842 participes
907 1763 955 1823 sui
983 1768 1098 1824 tenent
1125 1761 1311 1824 manerium
1337 1757 1378 1819 de
1404 1753 1540 1819 Trerus
1558 1768 1612 1832 per
1627 1765 1796 1810 servicium

292 1829 407 1899 quarte
423 1831 525 1909 partis
541 1833 564 1917 j.
582 1835 599 1896 f
620 1857 664 1902 m.
681 1842 765 1921 quod
782 1846 871 1909 velet
885 1854 947 1913 etc.
965 1848 1117 1933 rimare.

338 1955 422 2023 Item
437 1963 553 2031 dicunt
569 1973 654 2056 quod
671 1981 733 2041 etc.
753 1984 800 2056 (as
814 1983 941 2064 before).
