4117 6209
295 657 359 722 260
969 654 1122 726 ΒΔῙιΟΡ.

339 946 503 1010 Jobonneo
528 947 650 1012 Arthur
676 949 717 1012 de
743 948 880 1032 Glopton
913 950 947 1014 in
977 950 1139 1013 oomitotu
1169 948 1366 1028 Somereete,
1395 951 1548 1034 armiger,
1578 953 1669 1012 tenet
1698 947 1796 1011 otium

295 1033 507 1098 medietatem
522 1034 668 1121 ejusdem
682 1038 820 1101 manerii
835 1057 893 1120 per
908 1038 1081 1100 eervieinm
1095 1035 1285 1101 medietatis
1300 1037 1324 1122 j.
1341 1036 1364 1102 f.
1379 1056 1425 1102 m.
1482 1073 1485 1077 ²

339 1171 446 1235 Abboe
469 1175 656 1237 monasterii
683 1173 777 1237 Beati
802 1174 905 1254 Petri,
921 1173 1061 1258 Solopie,
1074 1178 1168 1238 tenet
1189 1175 1275 1237 iniro
1297 1174 1422 1237 dietam
1445 1171 1634 1237 libertatem
1648 1177 1749 1236 terras
1764 1179 1798 1236 et

295 1261 484 1323 tenemento
499 1261 532 1322 in
550 1259 718 1346 burgagio,
732 1281 795 1346 que
809 1261 919 1326 volent
934 1282 990 1345 per
1003 1282 1127 1326 onnum
1143 1268 1207 1326 ete.
1224 1282 1251 1325 o.
1261 1285 1287 1326 o.
1303 1260 1364 1346 iiij
1375 1257 1408 1326 d.

338 1393 523 1460 Wiileimns
539 1395 631 1459 Hord
647 1397 688 1460 de
704 1396 835 1482 Selepio
849 1398 884 1462 in
899 1397 1010 1463 eodem
1026 1398 1200 1475 eomitotu,
1223 1397 1424 1483 gontelmon,
1447 1400 1542 1461 tenet
1566 1396 1652 1460 intro
1674 1397 1798 1461 dietom

295 1479 482 1545 libertatem
498 1490 600 1547 terroe
615 1489 649 1548 et
664 1490 853 1549 tenemento
867 1485 902 1548 in
919 1485 1078 1571 burgagio
1092 1505 1156 1570 quo
1172 1485 1280 1550 volent
1294 1489 1358 1551 eto.
1375 1507 1404 1552 o.
1414 1507 1440 1550 e.

339 1618 359 1681 J
361 1619 504 1685 ohannes
520 1619 670 1686 Pounton
685 1622 727 1686 de
742 1623 870 1700 eodem,
883 1624 1081 1708 gentilman‚
1096 1627 1189 1686 tenet
1203 1623 1290 1687 infra
1305 1621 1428 1686 diotom
1443 1620 1632 1686 libert-otem
1648 1629 1749 1686 terroe
1764 1627 1797 1686 et

295 1710 486 1771 tenemento
501 1708 534 1771 in
550 1708 707 1794 burgagio
721 1730 785 1794 que
800 1710 912 1774 velent
924 1717 989 1776 etc.
1006 1731 1034 1776 e.
1044 1734 1070 1777 o.
1088 1731 1119 1775 x.
1129 1709 1164 1775 d.

339 1844 523 1910 Willelmue
537 1845 625 1911 Tour
640 1849 681 1911 de
696 1848 822 1927 eadem,
836 1850 962 1934 droper,
979 1854 1072 1915 tenet
1087 1853 1151 1914 eto.
1175 1853 1278 1914 merae
1303 1855 1338 1912 et
1363 1851 1555 1911 tenemento
1577 1847 1614 1910 in
1640 1846 1797 1930 burgagio

297 1952 361 2017 qne
377 1933 484 1996 volent
498 1938 561 2000 eto.
576 1935 638 2022 evj.
650 1958 676 2001 e.
692 1936 737 2022 vj.
747 1933 780 2002 d.

340 2069 484 2154 Rogerus
513 2069 659 2137 Thornea
687 2073 727 2137 de
755 2073 879 2152 eodem,
908 2073 1102 2158 gentiimon,
1131 2078 1221 2138 tenet
1258 2078 1321 2140 ete.
1352 2078 1455 2136 terreo
1485 2074 1519 2135 et
1547 2075 1734 2134 tenemento
1763 2071 1796 2133 in

296 2155 453 2243 burgagio
467 2178 531 2242 qne
545 2160 653 2223 volent
669 2165 730 2227 eto.
748 2160 790 2245 vj.
801 2162 836 2227 li.
852 2159 902 2249 iij.
912 2161 947 2228 d.

339 2290 497 2444 Rieolrduts
513 2291 611 2397 Sturg
626 2294 667 2445 (ἕο
682 2295 813 2375 eodem,
823 2295 1017 2380 gentilmon,
1032 2301 1125 2360 tenet
1140 2301 1203 2361 ete.
1219 2299 1322 2360 terreo
1336 2297 1371 2357 et
1386 2297 1576 2356 tenemento
1591 2291 1626 2354 in
1641 2290 1798 2375 burgagio

296 2397 359 2463 que
375 2399 414 2442 vo
426 2399 466 2443 en
498 2401 562 2447 oo.
579 2401 623 2466 η.
661 2431 669 2449 .

339 2511 477 2578 Thomoe
492 2514 629 2579 Wenlok
655 2517 695 2580 de
720 2517 833 2582 eodem
856 2518 891 2582 in
906 2517 1052 2601 predicto
1067 2518 1238 2597 comitutu,
1255 2519 1448 2600 iremonger,
1465 2520 1557 2581 tenet
1571 2520 1633 2580 eto.
1648 2519 1751 2578 terroe
1764 2518 1800 2576 et

296 2605 485 2665 tenemento
499 2604 534 2665 in
549 2603 707 2689 burgagio
721 2625 786 2690 que
800 2603 908 2668 volent
924 2613 988 2671 eto.
1003 2626 1032 2671 o.
1042 2627 1068 2671 a.
1083 2604 1142 2690 xij.
1152 2601 1186 2673 d.

339 2736 506 2802 Johonneo
520 2739 608 2804 Colle
622 2741 663 2805 de
677 2741 805 2821 eodem,
818 2743 1013 2826 gentilmen,
1027 2746 1118 2807 tenet
1134 2749 1199 2807 eto.
1214 2745 1317 2806 terroe
1331 2746 1365 2805 et
1380 2744 1567 2806 tenemento
1582 2739 1616 2802 in
1638 2736 1798 2822 burgagio

295 2843 359 2907 que
374 2825 484 2890 volent
498 2833 560 2893 eto.
576 2828 620 2914 vj.
632 2829 666 2895 li.
681 2850 711 2894 x.
721 2828 753 2895 d.

340 2960 498 3026 Rieordue
513 2962 605 3028 Hord
620 2964 660 3028 de
676 2965 799 3046 eodem,
813 2965 1011 3051 gentilmon,
1027 2969 1118 3030 tenet
1132 2971 1196 3032 eto.
1210 2971 1312 3030 umas
1326 2971 1361 3029 et
1376 2964 1564 3030 tenemento
1577 2961 1612 3025 in
1627 2958 1794 3044 burgagio,

296 3052 330 3111 et
344 3049 454 3114 volent
469 3055 532 3117 ete.
548 3073 576 3119 c.
586 3075 613 3119 o.
629 3050 691 3138 iiij.
701 3049 736 3116 et.

339 3186 455 3266 Alioio,
466 3187 627 3273 quondum
643 3208 723 3254 uxor
736 3188 910 3274 Reginoldi
926 3188 1048 3253 Mitton
1064 3190 1106 3254 de
1121 3190 1247 3271 eodem,
1259 3193 1355 3254 tenet
1368 3193 1434 3253 ete.
1450 3191 1551 3251 terroe
1564 3189 1599 3248 et
1613 3187 1799 3249 tenemento

296 3273 330 3336 in
346 3272 505 3360 burgogio
520 3294 584 3360 que
600 3275 710 3340 valent
725 3283 789 3344 eto.
806 3277 869 3362 evj.
880 3297 907 3344 e.

341 3407 570 3488 Gwenhevore,
596 3411 759 3495 quondum
785 3432 866 3476 uxor
890 3411 995 3477 David
1021 3413 1191 3477 Holboehe
1214 3413 1254 3477 de
1277 3412 1403 3492 eodem,
1427 3415 1524 3476 tenet
1549 3416 1612 3474 eto.
1640 3411 1742 3471 terroe
1764 3412 1798 3471 et

296 3497 486 3560 tenemento
501 3503 564 3564 eto.
580 3518 645 3582 qne
658 3499 771 3563 volent
785 3506 848 3563 eto.
863 3520 891 3565 o.
901 3522 927 3567 r.
944 3500 993 3586 iij.
1002 3499 1038 3565 d.

338 3633 502 3698 Jobennee
531 3635 674 3700 Skreven
704 3637 743 3701 de
772 3637 898 3718 adem,
923 3639 1117 3723 gentilmon,
1142 3644 1233 3703 tenet
1262 3641 1326 3705 eto.
1353 3642 1454 3702 terroe
1485 3641 1520 3699 et
1549 3639 1734 3700 tenemento
1764 3631 1797 3694 in

296 3721 453 3808 burgagio
466 3743 529 3808 que
545 3724 653 3788 volent
668 3729 731 3790 eto.
747 3725 791 3811 vj.
803 3727 838 3791 li.
854 3726 920 3814 xvj.
931 3725 964 3792 d.

340 3854 385 3917 Et
399 3853 516 3918 dieunt
530 3859 593 3920 ete.
613 3861 660 3935 (ae
676 3857 803 3941 before).

812 4171 1036 4240 Huunnanen
1059 4193 1103 4240 nn
1125 4171 1288 4242 FORDE.

342 4319 521 4406 Inquieioio
535 4318 694 4384 hundredi
719 4322 760 4385 de
782 4321 887 4386 Forde
910 4327 1006 4406 copta
1031 4322 1118 4405 opud
1146 4321 1308 4405 Solopiom
1324 4321 1378 4384 die
1394 4319 1548 4384 Mercurii
1563 4320 1711 4404 proximo
1723 4326 1801 4387 onte

297 4405 419 4471 testum
436 4406 550 4472 Sonoti
566 4407 714 4488 Martini,
728 4410 883 4493 episcopi,
896 4429 982 4473 onno
997 4411 1091 4494 regni
1115 4411 1200 4495 regis
1225 4409 1356 4471 Henrioi
1380 4408 1465 4470 aexti
1476 4413 1564 4491 ,poet
1585 4412 1800 4493 eonqueotnm

298 4495 416 4579 Anglie
440 4494 566 4558 decimo
591 4515 697 4558 norom
723 4494 874 4560 Johanne
901 4495 1012 4580 Brnyn
1039 4502 1102 4561 eto.
1121 4501 1168 4575 (ee
1192 4496 1321 4579 before),
1334 4515 1392 4578 per
1417 4501 1652 4558 sacramentum
1674 4494 1799 4561 Thome

298 4579 458 4645 Marchall
481 4581 522 4644 de
546 4581 660 4660 Huret,
682 4581 800 4668 Rogeri
823 4581 971 4660 Oleoton,
987 4583 1144 4647 Willelmi
1168 4583 1321 4666 Speneer‚
1335 4581 1464 4661 Guttyn
1480 4601 1523 4665 op
1536 4578 1799 4660 Perith,'l‘home

298 4668 368 4731 Dod
395 4669 436 4731 de
460 4666 625 4748 Griketon,
640 4669 763 4733 Thome
787 4669 1003 4747 Skirmeeton,
1019 4669 1175 4734 wilielmi
1200 4669 1241 4732 de
1266 4669 1382 4747 Aeton,
1405 4666 1565 4732 Johannio
1590 4689 1632 4752 op
1655 4667 1802 4748 Griffitb,

298 4753 401 4818 David
428 4775 470 4838 op
494 4753 638 4833 Griffith,
652 4755 811 4822 Johunnis
836 4757 981 4822 Moooote
1003 4757 1045 4821 de
1069 4756 1256 4842 Iongedon,
1278 4754 1410 4818 Rieardi
1435 4754 1524 4818 Eton
1549 4755 1589 4819 de
1614 4755 1752 4836 Horten,
1766 4763 1802 4822 et

297 4839 454 4908 Johennie
469 4839 573 4908 Coton
587 4843 628 4907 de
645 4845 842 4924 Haemode,
859 4845 918 4930 qui
932 4843 1046 4908 dieunt
1061 4844 1210 4928 quod:-

343 5035 524 5116 Umsridne,
538 5055 645 5100 oomee
660 5034 845 5114 staffordie,
860 5041 895 5101 et
909 5037 1075 5100 iohannes
1090 5033 1229 5120 Borghe,
1240 5035 1328 5099 filius
1343 5041 1376 5098 et
1392 5033 1485 5098 beree
1497 5033 1646 5098 Elimbet
1659 5033 1803 5120 Burgbo,

297 5129 412 5188 tenent
426 5123 464 5209 ij.
481 5124 505 5189 f.
520 5143 565 5190 ιιι.
581 5123 622 5187 de
636 5123 768 5187 domino
782 5143 858 5208 rege
874 5124 927 5191 io.
943 5123 1029 5187 unde
1042 5133 1159 5207 quarto
1173 5142 1247 5206 pore
1261 5122 1480 5205 predictorum
1496 5121 1533 5207 ij.
1549 5122 1573 5187 f.
1587 5129 1640 5186 eet
1653 5123 1689 5186 in
1703 5142 1802 5188 monn

297 5210 421 5274 domini
438 5212 522 5294 regia
537 5210 666 5275 rocione
681 5211 817 5273 minoris
832 5212 931 5274 etotie
946 5210 1094 5297 ejusdem
1109 5206 1269 5272 Johonnio
1283 5208 1425 5294 Burgbe.

340 5347 435 5411 Idem
464 5366 572 5411 eomes
601 5352 695 5411 tenet
724 5347 760 5410 in
789 5347 840 5413 Lo
870 5346 943 5413 Rnn
972 5347 1134 5412 deoimom
1164 5349 1292 5428 portem
1322 5345 1347 5427 j.
1373 5346 1397 5411 i.
1425 5366 1471 5412 m.
1497 5365 1562 5431 que
1587 5351 1638 5410 eat
1660 5347 1802 5430 pamella

297 5435 519 5519 predictorum
533 5433 570 5517 ij.
586 5435 610 5501 i.
