4117 6209
827 669 923 758 [Ab.
949 669 1168 756 ress-1285]
1712 675 1753 735 ss

259 1023 262 1029 ,
292 959 434 1025 Heredes
456 961 588 1026 Ricardi
611 963 651 1027 de
664 961 828 1029 Veverton
844 967 958 1028 tenent
981 962 1195 1028 medietatem
1211 962 1288 1026 ville
1311 947 1459 1048 ejusdem
1476 965 1538 1040 (ic.
1556 963 1749 1038 Vuvrrrrrou)

248 1067 304 1130 pro
318 1049 434 1132 quinta
449 1056 542 1133 parte
553 1051 581 1134 j.
597 1051 620 1114 f.
637 1051 678 1114 de
693 1072 768 1135 rege
784 1052 839 1116 i.o.

292 1184 437 1269 Rogerus
451 1186 493 1251 ds
508 1187 588 1252 Bret
602 1192 696 1253 tenet
710 1188 809 1252 sliam
823 1189 1035 1253 medietatem
1051 1189 1140 1253 dicte
1155 1186 1230 1252 vilis
1252 1187 1293 1251 de
1316 1187 1449 1250 baronis
1471 1185 1676 1271 Dey(n)curt‚
1695 1186 1750 1249 sed

249 1291 311 1335 non
326 1273 365 1336 fit
380 1275 507 1339 mencio
521 1297 578 1359 per
592 1277 677 1359 quod
694 1277 876 1340 servicium.

292 1412 453 1566 Wisisltterus
466 1416 507 1479 de
525 1414 663 1499 Gousyll
678 1420 770 1480 tenet
783 1415 996 1480 medietatem
1007 1415 1085 1480 ville
1096 1417 1136 1480 de
1148 1415 1324 1481 Furuvmu
1340 1415 1381 1479 de
1396 1414 1491 1478 ieodo
1507 1415 1683 1498 Dsyuourt,
1694 1414 1750 1478 sed

248 1520 313 1564 uon
379 1522 441 1567 ec.

275 1609 279 1616 ¹
292 1638 383 1703 Prior
397 1639 437 1704 de
451 1638 656 1725 Thorgsrton
672 1644 761 1705 tenet
776 1642 909 1704 terciam
924 1645 1054 1725 partem
1069 1641 1145 1704 ville
1160 1639 1199 1704 de
1216 1640 1428 1706 Hrouuuruos
1444 1639 1485 1704 de
1502 1639 1596 1703 feodo
1610 1639 1651 1702 de
1666 1637 1753 1724 Lsoy

248 1725 289 1789 de
302 1729 423 1790 comite
437 1727 619 1808 Lincolnie,
635 1733 669 1792 et
684 1748 792 1792 comes
807 1728 848 1792 de
862 1748 947 1813 rege.

292 1862 448 1926 Ricardus
472 1864 513 1928 de
539 1863 626 1948 Grey
641 1868 734 1928 tenet
758 1867 792 1929 iu
820 1867 931 1931 eadem
947 1865 1027 1930 vills
1053 1865 1094 1929 de
1117 1865 1330 1930 H1cvsu1vou
1357 1864 1399 1928 de
1424 1864 1517 1928 feodo
1544 1865 1584 1928 de
1610 1864 1752 1948 Lacyde

248 1952 367 2014 comite
382 1950 562 2028 Lincolnie,
576 1959 611 2016 et
626 1973 732 2016 comes
747 1952 886 2037 detege.

293 2086 447 2151 Ricardus
460 2089 502 2151 de
516 2087 681 2171 Biugham
696 2094 731 2152 et
746 2089 903 2153 Radultus
918 2090 959 2153 de
974 2090 1115 2153 Stunton
1130 2092 1247 2153 teuent
1263 2087 1452 2156 Cuvvssvorv
1468 2109 1525 2173 pro
1541 2093 1632 2152 sexta
1659 2094 1751 2173 perte

246 2173 550 2348 ᾑθῐίἑοῗθζνέὲὶῗέἑὲ
565 2177 633 2240 filio
655 2176 776 2240 Thome
798 2178 839 2241 de
854 2177 1034 2256 Fliuutem,
1049 2183 1085 2240 et
1098 2177 1188 2240 idem
1205 2175 1387 2239 Willelmus
1401 2176 1443 2240 de
1459 2177 1604 2261 predicto
1620 2177 1752 2256 comite,

297 2400 477 2553 Willglmus
492 2401 578 2466 filius
593 2400 719 2467 Thome
735 2404 775 2467 de
790 2403 959 2467 Flinutsm
974 2407 1069 2466 tenet
1084 2403 1301 2472 Wsrrouusso
1316 2402 1357 2465 de
1373 2404 1492 2466 comite
1514 2402 1695 2480 Lincolnie,
1717 2407 1752 2466 et

252 2509 357 2552 comes
394 2509 512 2572 erege.

296 2625 455 2690 Walterus
478 2627 520 2690 de
542 2627 694 2691 Aslacton
719 2633 751 2691 et
775 2628 872 2691 abbas
897 2628 937 2692 de
969 2627 1102 2691 Weibek
1119 2631 1234 2690 teuent
1255 2627 1284 2709 j.
1301 2627 1323 2690 f.
1347 2650 1392 2693 m.
1417 2629 1450 2691 in
1478 2628 1592 2690 eadem
1623 2630 1686 2706 (te.
1716 2628 1752 2690 in

253 2714 432 2792 Asuscrou)
449 2715 490 2777 de
505 2713 653 2778 iohanne
670 2715 846 2799 Deyncurt,
860 2721 895 2778 et
909 2715 995 2778 idem
1011 2714 1177 2779 Johannes
1192 2715 1233 2776 dc
1248 2715 1421 2780 Edmundo
1432 2714 1650 2798 Deyncurt,et
1665 2715 1750 2778 idem

254 2800 445 2864 Edmuudus
458 2802 499 2865 de
514 2822 589 2886 rege
611 2804 664 2868 i.c.

642 3007 934 3076 struurscmou
956 3028 1001 3072 nu
1024 3007 1370 3078 BROGOLSTOWE.

295 3171 436 3274 Heredes
460 3170 619 3235 Johsnnis
644 3170 683 3234 de
707 3170 816 3233 Nevill
844 3172 960 3235 teuent
985 3169 1019 3234 in
1048 3173 1185 3238 Asusus
1210 3177 1360 3256 quartam
1384 3176 1513 3256 partem
1538 3171 1566 3256 j.
1592 3170 1615 3234 f.
1642 3191 1687 3235 m.
1713 3170 1753 3233 de

254 3278 328 3344 rege
343 3281 396 3326 1.c.

297 3392 457 3457 Robertus
472 3391 513 3455 de
529 3391 689 3455 Stutevill
704 3395 797 3455 tenet
812 3392 848 3455 in
863 3393 1024 3456 errsuuv
1031 3391 1059 3475 j.
1077 3392 1100 3457 f.
1117 3398 1152 3455 et
1165 3391 1210 3457 di.
1227 3393 1268 3457 de
1283 3414 1358 3478 rege
1374 3395 1425 3458 i.c.

296 3531 480 3595 Willelmus
506 3530 605 3594 Barre
630 3534 723 3593 tenet
749 3530 942 3595 Tuvsusruv
966 3550 1040 3592 cum
1067 3531 1221 3594 membris
1245 3552 1302 3614 pro
1325 3532 1362 3616 ij.
1379 3532 1402 3594 s.
1418 3551 1463 3596 m.
1489 3531 1530 3594 de
1557 3529 1696 3594 Robcrto
1711 3530 1751 3592 de

255 3617 420 3696 stotevill,
435 3624 470 3681 et
485 3618 572 3681 idem
588 3617 749 3681 Robertus
764 3617 805 3680 de
821 3637 906 3702 rege.

297 3755 489 3838 Rsnuiphus
507 3760 576 3835 (sic)
594 3756 634 3820 de
645 3755 841 3838 Wandesley
853 3759 947 3820 tenet
960 3755 996 3818 in
1013 3756 1174 3823 Semeros
1186 3754 1213 3838 j.
1224 3755 1247 3820 f.
1259 3777 1304 3821 m.
1314 3755 1354 3819 de
1370 3755 1514 3820 Roberto
1528 3755 1569 3818 de
1585 3753 1753 3833 Stutevill,

208 3931 211 3936 ι
254 3850 287 3907 et
302 3845 388 3908 idem
404 3843 566 3908 Robertus
579 3844 618 3907 de
633 3864 719 3928 rege.

297 3978 462 4045 Johanues
488 3979 529 4042 de
556 3979 714 4063 Hauisley
742 3985 835 4044 tenet
858 3981 893 4043 in
917 3981 1064 4045 Avrsuuv
1087 3980 1112 4066 j.
1130 3979 1153 4044 f.
1181 3983 1214 4043 et
1241 3980 1285 4046 di.
1312 3979 1352 4043 de
1377 3979 1549 4044 heredibus
1564 3978 1688 4044 Aukeri
1713 3980 1755 4044 de

255 4066 443 4143 Frechevill,
458 4072 491 4131 et
506 4066 595 4130 idem
610 4066 762 4130 Aukerus
776 4067 817 4131 de
831 4086 916 4150 rege.

295 4204 460 4270 Johsnnes
474 4206 607 4269 Torcsrt
623 4210 714 4270 tenet
732 4207 765 4269 iu
782 4206 970 4272 Huuuusm,
985 4226 1060 4269 cum
1077 4205 1232 4270 membris
1246 4207 1270 4294 j.
1286 4208 1309 4272 f.
1327 4209 1367 4272 de
1382 4207 1553 4272 heredibus
1576 4207 1755 4272 ledeviui

254 4293 364 4375 Wake,
378 4300 411 4358 et
425 4294 515 4357 idem
529 4291 664 4357 heredes
679 4295 719 4357 de
736 4315 820 4378 rege.

256 4519 263 4532 .
293 4431 482 4583 fnglelmus
496 4433 535 4497 de
545 4431 627 4510 Ros,
636 4433 767 4495 nomine
783 4429 969 4510 Eustachie,
983 4432 1092 4495 uxoris
1107 4451 1173 4512 sue,
1184 4437 1276 4498 tenet
1290 4435 1325 4497 in
1340 4432 1496 4501 Gsssusv
1511 4454 1585 4496 cum
1601 4433 1756 4497 membris

248 4540 276 4601 J.
308 4570 315 4588 .
353 4541 471 4606 erege.

297 4659 460 4723 Robertus
485 4660 526 4722 de
552 4659 738 4722 Wstenove
764 4661 857 4720 tenet
884 4657 919 4719 in
946 4657 1059 4720 eadem
1088 4671 1162 4721 cum
1187 4657 1342 4722 membris
1365 4658 1410 4724 di.
1435 4660 1458 4725 f.
1489 4659 1530 4724 de
1560 4657 1687 4724 Thomu
1716 4659 1756 4723 de

254 4745 424 4810 Gbevorth
439 4747 478 4810 de
494 4744 643 4809 eschaeto
660 4747 728 4824 (sic)
747 4743 916 4811 Pevereili.

297 4874 462 4939 Johanues
477 4875 519 4937 de
535 4871 689 4938 Cokeield
705 4879 797 4938 tenet
812 4875 845 4937 in
863 4875 1044 4940 Noruusuu
1059 4877 1104 4941 di.
1121 4876 1144 4941 t.
1160 4877 1199 4941 de
1215 4878 1364 4941 eschaeto
1379 4877 1546 4942 Peverelli.

297 5011 437 5075 Thomas
453 5010 493 5073 de
509 5009 684 5092 Cantilupo
698 5015 791 5074 tenet
806 5011 840 5073 in
867 5011 1043 5078 Bssuroso
1069 5017 1219 5095 quartam
1245 5019 1369 5096 purtem
1393 5016 1417 5102 j.
1435 5015 1457 5080 f.
1475 5017 1515 5079 de
1529 5015 1700 5080 Miliseuts
1714 5015 1754 5078 de

255 5099 439 5183 Cantilupo,
451 5103 485 5162 et
501 5097 613 5160 eadem
630 5097 669 5160 de
684 5117 770 5181 rege.

297 5234 443 5299 Heredes
457 5232 592 5297 Roberti
608 5233 648 5296 de
663 5231 782 5318 Orreby
798 5238 913 5298 tenent
928 5236 963 5297 in
978 5235 1154 5302 Bssuuoso
1170 5235 1215 5300 di.
1232 5236 1255 5302 t.
1272 5237 1328 5300 sed
1344 5258 1408 5301 nou
1424 5237 1462 5302 fit
1479 5240 1605 5301 mencio
1625 5239 1667 5302 de
1690 5257 1756 5320 quo

255 5342 313 5386 uec
326 5343 382 5406 per
396 5321 481 5406 quod
498 5321 680 5385 servicium.

298 5460 458 5525 Robertus
473 5457 512 5523 de
527 5431 667 5543 Strevey
687 5461 755 5541 (sic)
774 5465 864 5524 tenet
879 5461 913 5524 iu
931 5459 1082 5528 smum
1097 5461 1142 5526 di.
1159 5461 1182 5526 f.
1199 5462 1240 5525 de
1254 5481 1331 5550 rege
1346 5464 1397 5528 ic.
