4117 6209
295 661 360 728 238
942 721 948 734 ,
969 656 1119 727 SALOP.

341 949 526 1015 willelmus
541 950 582 1015 dc
597 948 784 1014 (lareswslle
799 953 892 1014 tensi
911 949 1098 1018 nicrum
1120 951 1268 1018 Msonffl
1290 972 1348 1035 pro
1365 949 1392 1035 j.
1408 951 1432 1016 l.
1447 949 1534 1036 quod
1547 948 1733 1014 willelmus
1754 949 1797 1014 de

297 1037 445 1121 Hsdleye
458 1038 622 1124 quondam
636 1039 746 1102 tenuit
760 1038 801 1103 de
817 1039 911 1102 feodo
926 1038 1072 1105 Peverel.

341 1175 362 1239 J
364 1174 505 1240 ohannes
522 1177 561 1240 de
576 1175 670 1240 Keni
684 1181 718 1241 et
733 1176 753 1240 J
755 1176 898 1240 ohsnnes
913 1176 1064 1240 Dausone
1078 1180 1194 1240 tenent
1209 1181 1361 1260 quartum
1387 1181 1513 1260 portem
1538 1177 1564 1262 j.
1580 1177 1605 1240 f.
1619 1178 1653 1240 in
1671 1177 1796 1257 Turius,

297 1283 395 1347 quam
415 1264 595 1328 ll'illelmus
610 1265 651 1327 de
666 1265 772 1348 Tyr-ne
786 1265 950 1348 quondam
965 1267 1077 1328 tenuit
1091 1265 1132 1326 de
1147 1263 1242 1328 feodo
1255 1265 1296 1329 ds
1311 1265 1455 1329 Peverel.

341 1400 384 1464 Et
400 1400 515 1465 dicuni
529 1406 593 1466 eto.
612 1406 659 1480 (as
674 1401 802 1483 before).

750 1729 971 1796 Hunmmnurr
994 1750 1038 1794 nn
1061 1727 1347 1796 POSSELOWE.

344 1901 523 1988 Inquisicio
538 1910 632 1988 captu
647 1903 733 1987 apud
749 1900 955 1967 hundredum
970 1903 1011 1968 de
1026 1903 1203 1969 Posselowc
1217 1904 1270 1968 dis
1286 1901 1404 1967 Martis
1418 1904 1565 1987 proxima
1586 1906 1659 1987 post
1680 1901 1799 1966 festum

301 1989 414 2055 Sancti
428 1991 566 2054 Martini
581 1995 646 2056 eto.
667 1996 714 2070 (os
729 1993 835 2071 obooe)
853 1993 910 2074 qui
925 1992 1038 2055 dicuni
1056 2013 1152 2074 super
1166 1994 1406 2055 sacramentum
1421 2011 1516 2055 suum
1531 1989 1617 2076 quod
1629 2015 1681 2056 2-

343 2175 493 2241 Johanns
507 2177 548 2240 de
561 2177 641 2262 Jays
656 2183 748 2242 tenet
764 2177 846 2245 Jsrn
868 2198 926 2262 pro
947 2179 973 2263 j.
989 2180 1012 2244 f.
1028 2179 1114 2263 quod
1138 2177 1305 2244 Johannes
1331 2179 1373 2244 de
1394 2178 1476 2264 sze
1497 2178 1659 2262 quondam
1677 2177 1797 2256 tenuit,

300 2265 341 2328 de
355 2264 450 2329 feodo
466 2263 622 2328 Willelmi
639 2264 699 2328 filii
715 2265 820 2331 Alani.

344 2402 488 2486 Rogems
502 2401 542 2466 de
558 2401 772 2486 Hauberdeyn
787 2407 879 2466 tenet
894 2402 939 2468 di.
952 2402 975 2467 l.
986 2405 1021 2466 in
1037 2402 1291 2483 (lnouoourosn
1303 2403 1390 2488 quod
1406 2403 1519 2468 Simon
1535 2401 1566 2466 le
1581 2399 1800 2484 Hanberdeyn

299 2490 462 2576 quondum
479 2490 588 2553 tenuit
602 2489 642 2552 de
658 2489 751 2554 feodo
765 2490 846 2554 dicti
865 2489 1032 2556 Willelmi.

344 2627 490 2713 Rogerus
505 2627 536 2690 le
551 2624 681 2712 (lheyne
695 2633 788 2692 tenet
802 2627 1006 2696 Lononrsnn
1021 2649 1078 2711 pro
1093 2629 1139 2693 di.
1156 2629 1178 2695 f.
1195 2629 1282 2714 quod
1298 2627 1442 2714 Rogerus
1456 2626 1617 2711 Wsldeyn
1635 2624 1799 2711 quondam

300 2715 410 2780 tenuit
424 2715 466 2778 de
480 2713 574 2779 feodo
588 2714 670 2778 dicti
688 2715 854 2784 Willslmi.

345 2851 514 2930 Ricardus,
530 2872 636 2916 comes
651 2851 852 2932 Arundsffie,
867 2856 903 2915 el
925 2850 1094 2916 Johsnnes
1118 2851 1221 2917 Berde
1248 2858 1363 2916 tenent
1388 2851 1433 2918 di.
1449 2852 1473 2918 f.
1489 2853 1524 2914 in
1540 2850 1748 2918 Bornrrnonn
1763 2852 1798 2912 et

304 2941 515 3021 Possumus,
526 2939 614 3025 quod
630 2938 800 3003 Gilbertus
815 2939 856 3004 de
867 2937 1053 3003 Bokenhull
1070 2941 1234 3025 quondum
1248 2939 1359 3004 tenuit
1374 2940 1414 3003 de
1429 2939 1522 3002 feodo
1536 2939 1620 3002 dicti
1631 2935 1799 3001 Willelmi.

346 3076 511 3142 Wolterus
535 3075 577 3141 de
602 3076 738 3160 Hopton
764 3080 858 3140 tenet
881 3075 1029 3157 Horror,
1055 3077 1281 3145 Gnnnnsnron
1305 3082 1341 3140 et
1367 3077 1495 3145 (loeson
1520 3097 1578 3160 pro
1602 3074 1640 3161 ij.
1662 3075 1686 3140 f.
1713 3073 1800 3157 quod

302 3164 465 3229 Welterus
479 3164 520 3229 de
537 3165 670 3248 Hopton
686 3163 849 3248 quondum
864 3166 975 3228 tenuit
990 3164 1032 3229 dc
1046 3164 1139 3229 feodo
1153 3165 1237 3229 dicti
1251 3164 1420 3230 Willelmi.

345 3300 509 3366 lohannes
533 3302 573 3365 de
599 3300 731 3365 Sibeton
759 3305 851 3365 tenet
868 3299 1012 3369 Smnrorr
1026 3322 1102 3365 cum
1123 3301 1302 3366 medietate
1317 3302 1357 3365 de
1372 3301 1619 3370 Wrsrsnsrows
1632 3303 1665 3362 et
1680 3299 1801 3364 Bnosnr

302 3409 359 3475 pro
373 3389 398 3478 j.
415 3390 439 3456 f.
456 3390 543 3478 quod
559 3389 718 3454 Henrious
732 3389 772 3452 de
789 3387 925 3454 Sibeton
940 3389 1104 3474 quondam
1120 3390 1231 3453 lenuit
1244 3389 1285 3453 de
1301 3390 1396 3453 feodo
1411 3388 1495 3453 dicti
1509 3386 1680 3452 Willelmi.

346 3526 507 3592 Roberius
536 3527 576 3590 de
606 3526 748 3610 Harleys
777 3531 868 3591 tenet
898 3527 1043 3594 Wnsron
1072 3547 1131 3610 pro
1162 3534 1217 3592 xx·
1247 3531 1341 3610 parte
1368 3526 1393 3613 j.
1418 3526 1440 3590 f.
1471 3524 1557 3608 quod
1587 3523 1734 3609 Egydius
1758 3522 1801 3585 de

302 3612 478 3699 Berkeleye
492 3621 527 3679 el
541 3611 707 3679 Johsnnes
723 3612 828 3678 Sellae
843 3615 1005 3698 quondam
1021 3619 1198 3678 tonuerunt
1212 3615 1253 3678 de
1268 3613 1362 3678 feodo
1375 3614 1459 3677 dicii
1474 3611 1643 3676 Willelmi.

346 3751 517 3830 Ricardus‚
545 3771 653 3815 comes
683 3750 882 3830 Arundellie‚
911 3757 945 3814 et
974 3750 1122 3834 Rogerus
1152 3749 1268 3816 Corbei
1293 3752 1334 3814 de
1358 3750 1505 3833 Hsdleye
1527 3756 1560 3812 et
1588 3749 1667 3811 socii
1693 3747 1743 3810 sui
1766 3751 1801 3809 et

303 3840 403 3925 Hugo
418 3840 448 3903 le
465 3839 609 3924 Engleys
624 3843 738 3902 tenent
754 3859 812 3922 pro
835 3839 861 3923 j.
879 3838 901 3904 f.
918 3837 1109 3917 Gnunnuns,
1124 3839 1296 3917 Bsourou,
1316 3839 1500 3916 Ssnsrosn‚
1516 3841 1552 3900 et
1565 3836 1699 3915 Minos,
1714 3833 1802 3918 quod

304 3927 403 4013 Hugo
418 3926 574 4011 Anglicus
589 3925 753 4008 quondam
769 3927 880 3989 tenuit
895 3926 936 3988 de
951 3926 1043 3988 feodo
1058 3926 1139 3989 dieti
1156 3925 1325 3992 Willelmi.

347 4063 524 4128 Nioholnus
547 4063 587 4127 de
613 4062 828 4146 Winnerbury
855 4067 890 4126 ei
915 4062 1082 4127 Johsnnes
1105 4063 1145 4127 de
1168 4063 1325 4149 Eggedon
1350 4067 1461 4127 tenent
1482 4061 1648 4128 Eoonnon
1664 4079 1722 4143 pro
1731 4057 1761 4141 j.
1776 4058 1800 4122 f.

303 4151 583 4306 aeffldnllienrions
613 4160 647 4216 et
676 4149 849 4214 Nioholsus
877 4151 919 4214 ds
949 4150 1106 4235 Eggsdon
1137 4151 1302 4237 quondam
1330 4154 1508 4215 tenuerunt
1536 4147 1576 4211 de
1598 4147 1693 4211 feodo
1719 4145 1802 4208 dicti

347 4375 512 4480 Johsnnes
540 4377 580 4442 de
603 4376 636 4440 ls
661 4375 804 4479 Munsde
816 4371 1012 4526 lv{Moundq
1042 4378 1137 4440 tenet
1160 4373 1310 4477 Morinos
1339 4372 1405 4462 [Lu
1430 4369 1574 4477 Moron]
1601 4391 1663 4476 pro
1685 4374 1803 4473 quartu

302 4472 396 4550 perte
408 4487 436 4550 J.
453 4464 477 4532 f.
494 4464 580 4549 quod
595 4464 756 4528 Henrrcus
771 4463 802 4528 le
854 4461 973 4547 skelyn
988 4464 1154 4546 quondam
1170 4466 1280 4527 tenuit
1294 4463 1335 4528 ds
1350 4463 1444 4527 feodo
1459 4461 1542 4526 drctr
1560 4459 1727 4523 erlelmr.

346 4605 392 4669 Et
405 4605 522 4668 dicuni
536 4607 599 4670 cto.
618 4605 666 4684 (or
682 4603 809 4686 before).

349 4787 527 4855 Edwardus
550 4787 603 4852 dei
625 4787 733 4872 gratie
762 4809 818 4852 rex
844 4794 908 4853 eto.
934 4787 1160 4851 collectoribus
1186 4786 1300 4850 anxilii
1325 4792 1389 4852 eto.
1414 4788 1449 4851 in
1477 4785 1636 4849 comitatu
1661 4781 1804 4866 Sslopie‚

303 4879 455 4944 sulutem.
485 4875 684 4939 Monstravit
697 4874 789 4939 nobis
803 4875 825 4939 J
826 4874 968 4939 ohannes
983 4875 1024 4938 de
1040 4875 1072 4938 la
1087 4874 1233 4938 Munedc
1247 4874 1333 4957 qnod
1347 4874 1427 4938 licei
1445 4873 1516 4957 ipse
1530 4871 1640 4937 omnio
1653 4879 1753 4934 terras
1768 4873 1803 4934 et

304 4970 492 5031 tenemento
508 4983 566 5027 sua
580 4963 615 5025 in
630 4961 781 5029 Musnnn
795 4963 831 5025 in
846 4963 1002 5025 comitatu
1019 4963 1164 5046 predicto
1178 4982 1236 5045 per
1250 4963 1422 5025 servicium
1437 4965 1552 5044 quarte
1566 4960 1669 5043 pertis
1684 4958 1710 5044 j.
1722 4957 1745 5023 f.
1754 4976 1801 5023 m.

303 5051 532 5118 tantummodo
560 5055 674 5113 tenent
701 5049 834 5134 ipseque
862 5055 897 5112 el
926 5070 1038 5113 omnes
1066 5055 1283 5113 antecessores
1312 5049 1364 5112 sui
1395 5051 1544 5112 tenentes
1572 5053 1733 5110 terrerum
1768 5047 1803 5107 ei

304 5145 569 5206 mementorum
583 5136 802 5220 predictorum
817 5135 929 5200 endem
945 5142 1048 5200 terrss
1063 5142 1098 5200 et
1123 5142 1313 5200 tenemento
1336 5156 1394 5220 per
1416 5134 1604 5219 hujusmodi
1627 5132 1802 5196 servicium

303 5236 415 5294 tsmen
436 5247 455 5291 s
480 5231 625 5308 tempore
640 5224 733 5287 cu'us
747 5225 904 5287 contrarii
918 5226 1077 5287 memoris
1090 5242 1156 5286 non
1172 5224 1285 5288 existit
1299 5243 1428 5308 semper
1441 5222 1610 5305 hucusque
1623 5223 1803 5285 tenuerunt

302 5323 334 5382 et
351 5316 440 5380 idem
455 5312 477 5377 J
478 5311 621 5377 ohanne
636 5311 824 5394 hujusmodi
839 5311 998 5375 auxilium
1014 5332 1071 5395 pro
1086 5316 1202 5395 qusrts
1215 5315 1310 5396 parte
1325 5310 1472 5394 predicto
1494 5308 1588 5372 nobis
1612 5308 1734 5372 solvere
1758 5306 1804 5369 sit

303 5409 445 5489 paratus,
462 5407 501 5464 ut
514 5399 639 5475 asserit,
655 5418 708 5462 vos
723 5403 833 5462 tamen
849 5399 890 5461 ad
905 5399 1062 5482 premissa
1076 5398 1370 5461 consideracionem
1385 5416 1449 5461 non
1465 5397 1619 5460 habentes
1641 5393 1803 5459 auxilium

302 5491 485 5576 predictum
514 5507 572 5570 pro
597 5484 775 5550 medietato
797 5486 823 5572 j.
849 5486 872 5549 f.
898 5486 1024 5548 racione
1048 5491 1208 5549 terrarum
1234 5492 1270 5548 ei
1296 5489 1558 5548 tenemeniomm
1583 5482 1802 5566 predictorum
