4117 6209
915 685 993 749 Al).
1021 692 1114 751 1316.

877 966 975 1038 A.D.
1018 972 1130 1041 1316.

454 1135 591 1203 Busous
615 1163 657 1207 us
681 1144 1028 1219 NORTHAMPTON.
1075 1153 1233 1221 Dominus
1248 1180 1305 1223 rex
1320 1165 1371 1226 est
1385 1163 1548 1232 dominus.

756 1333 976 1401 Huuuusuuu
999 1358 1042 1402 uu
1066 1341 1247 1410 SUTTON.
1272 1391 1277 1402 .

290 1451 407 1517 Sullon

288 1541 462 1629 Aslethorp

288 1764 419 1831 Wallou
448 1688 463 1851 l
530 1770 946 1793 “““““

287 1900 461 1971 Growellou

286 1988 422 2074 Hynm
489 1912 505 2078 ]
529 1996 945 2018 .....

287 2128 405 2195 Evenle

285 2136 465 2308 Alps}
532 2220 947 2244 .....

288 2352 439 2422 Brackels
454 2359 594 2532 Vetusp
633 2448 643 2459 ι
734 2452 745 2461 ι

285 2440 366 2505 Hals

284 2576 382 2643 Sieue

285 2589 570 2755 Wsppiugham]
631 2672 641 2684 “
732 2678 742 2688 “

289 1678 402 1759 Aynho

284 2802 455 2889 Faryngho
529 2851 943 2873 .....

282 2939 426 3005 Merslou

281 3028 430 3113 Weslrop
511 2952 527 3175 Ι

282 3114 480 3182 Warkworth

281 3251 439 3319 Neubolle

281 3336 451 3405 Charleton

277 3475 438 3543 Theuford

279 3658 460 3725 Middeloon
519 3705 934 3727 -----

277 3840 457 3909 Chaoombe
518 3888 934 3909 -----

275 3976 382 4064 Thorp
396 3982 575 4048 Mundevill
609 3994 615 4062 l

276 4066 465 4155 Stotesbury
606 4065 620 4155 l
718 4074 727 4084 ”
818 4079 828 4088 “

277 4202 454 4269 Coleworth
518 4252 935 4273 -----

274 4341 438 4407 Rodestou

274 4428 442 4513 Wydeisld
479 4350 493 4513 l
516 4432 932 4454 “““““

270 4568 403 4632 Aslwell

272 4653 413 4721 Fauoote

269 4834 485 4923 Gremosbury
610 4884 619 4894 -
712 4888 721 4897 -

269 5058 433 5126 siresham
449 5068 484 5127 el

310 5150 523 5235 Westootej
610 5152 620 5161 “
712 5156 722 5163 “
813 5159 823 5168 “

267 5330 521 5397 Helmendou-
916 5387 926 5397 -

267 5464 527 5534 BruclseleNova
608 5508 623 5521 ·
664 5502 726 5529 ·-
817 5519 827 5533 ·
918 5514 928 5526 ·

998 1522 1182 1587 Emmelina
1197 1526 1239 1590 ds
1255 1528 1416 1615 Longspy.

995 1700 1017 1764 J
1018 1697 1159 1768 olisnnes
1173 1705 1214 1768 de
1229 1705 1417 1795 Glavsryng.

977 1708 1182 1870 [willelmus
1197 1794 1237 1856 de
1253 1793 1417 1862 Boreford.

995 1926 1093 1992 Miles
1108 1928 1327 2017 Beauchsmp,

976 1930 1173 2095 [Nicholaus
1187 2019 1228 2082 de
1244 2021 1379 2100 Turvill‚
1395 2025 1532 2092 milites

995 2180 1180 2264 willelmus
1195 2200 1237 2264 de
1252 2203 1447 2289 Tyugewyls.

836 2456 846 2465 -
937 2459 947 2468 -
994 2418 1156 2487 Roboslus
1172 2425 1213 2488 ds
1229 2426 1370 2492 Holand.

995 2599 1181 2667 Willelmus
1195 2605 1234 2668 do
1250 2605 1412 2675 Bereford.

933 2683 944 2693 “
994 2688 1156 2753 Johunnss
1172 2692 1212 2755 de
1228 2694 1372 2761 Boudou.

990 2824 1151 2891 Robertus
1167 2829 1207 2892 de
1225 2830 1365 2898 Holond.

941 3088 952 3097 -
999 3048 1147 3114 Decanus
1165 3054 1343 3123 Linoolnie.

988 3316 1152 3382 Robertus
1168 3321 1197 3384 le
1213 3320 1310 3405 Groy.

987 3499 1153 3563 Johsunes
1169 3502 1376 3588 Homnybon.

986 3636 1163 3720 Episcopus
1178 3638 1443 3709 Rouoestriensis.

965 3638 1079 3805 {Prior
1095 3728 1207 3789 Sancti
1224 3729 1360 3808 Andros,
1375 3731 1624 3817 Northsmpton.

980 3860 1002 3923 J
1003 3861 1145 3926 ohannes
1160 3864 1200 3927 de
1216 3863 1365 3951 Segruve.

963 4002 976 4086 l
984 4000 1163 4085 Episcopus
1179 4002 1367 4072 cestrensis.

920 4082 929 4091 ”
967 4086 1074 4167 [Prior
1091 4090 1204 4154 Sancti
1219 4093 1354 4173 Andros,
1374 4094 1623 4182 Norlhampton.

984 4224 1127 4310 Rogerus
1142 4230 1182 4292 de
1197 4228 1395 4300 Missonden.
1520 4310 1529 4321 Ι

979 4406 1139 4472 Dominus
1154 4430 1218 4475 rex.

981 4632 1141 4697 Robertus
1155 4636 1196 4698 de
1212 4636 1357 4721 Vuuuoy.

975 4813 1069 4877 Prior
1084 4814 1124 4878 do
1140 4815 1324 4883 Burcestre.
1386 4809 1391 4817 ’

813 4892 822 4901 '
955 4817 1139 4982 [Johannes
1154 4904 1185 4966 le
1201 4903 1355 4988 Botyllsr.

975 5037 1143 5103 lohannes
1158 5041 1198 5105 de
1213 5040 1395 5109 Ohetwods.

915 5162 925 5172 ·
974 5126 1081 5190 Abbas
1097 5128 1285 5197 Isiooslrio.

975 5214 1080 5278 Abbas
1096 5215 1136 5278 de
1152 5215 1341 5284 Butlesdon.

972 5349 1150 5415 Nieholaus
1165 5354 1206 5417 de
1221 5355 1365 5438 llsrvyll,
1380 5356 1489 5420 miles.

975 5485 1136 5555 Robertus
1151 5489 1193 5553 de
1208 5490 1351 5559 Holund.
