4117 6209
943 634 1194 701 SOMERSE'I’.

991 930 1122 989 taxetur
1137 926 1179 990 sd
1424 925 1608 993 subsidium

363 1042 543 1108 Hismuun
1040 1066 1175 1111 riv-mro.
1387 1066 1471 1111 uns.

361 1170 543 1237 Bomos
1040 1195 1176 1239 xumrc.
1387 1196 1476 1239 xmo.

361 1299 463 1365 Inron
1039 1300 1215 1384 xviijnnrc.
1386 1299 1531 1384 xxxiiia.

361 1427 552 1492 Innnusrnu
1039 1426 1232 1513 xxxiijmrrc.
1248 1448 1312 1493 rus.
1383 1426 1448 1493 xlv.
1460 1450 1486 1492 s.

361 1554 506 1618 Ecclesia
522 1552 640 1620 Ssucsr
654 1552 834 1619 Dncuuiur
1036 1576 1212 1622 murore.
1384 1555 1463 1641 xlvj.
1474 1579 1499 1621 s.
1518 1554 1585 1640 viij.
1595 1557 1627 1621 d.

361 1683 606 1749 Dunnruoooru
1037 1705 1151 1748 mmm.
1384 1683 1488 1769 xiiis.
1506 1683 1606 1768 iiijd.

360 1810 496 1876 Louron
1036 1831 1065 1874 x.
1077 1832 1152 1875 mro.
1383 1809 1451 1896 xiij.
1461 1833 1488 1875 a.
1507 1809 1609 1896 iiijnd

359 1939 478 2005 Druna
923 2000 929 2011 ,
1041 1938 1170 2022 viuere.
1387 1939 1430 2024 vj.
1441 1961 1468 2003 s.
1485 1936 1555 2023 viij.
1566 1938 1597 2003 d.

360 2066 490 2135 Sunion
634 2066 638 2073 ’
1034 2084 1210 2132 xxxvmrrc.
1381 2064 1459 2151 xlvj.
1471 2088 1496 2131 s.
1514 2064 1582 2152 viij.
1593 2067 1624 2131 d.

359 2193 465 2261 Wrrn
480 2189 682 2255 Linuuorou
1038 2189 1213 2273 xviipmrc.
1384 2190 1486 2278 xxiiij.
1497 2214 1522 2257 s.

356 2320 536 2385 Hsnrnrsn
1029 2314 1098 2399 xiij.
1110 2338 1184 2381 mro.
1374 2318 1451 2404 xvij.
1462 2342 1487 2385 e.
1504 2318 1604 2405 iiijd.

358 2449 565 2516 Coonwourn
1034 2467 1063 2510 x.
1077 2468 1150 2511 mro.
1380 2447 1449 2533 xiij.
1460 2471 1487 2513 s.
1505 2447 1566 2533 iiij.
1578 2450 1609 2514 d.

357 2575 503 2640 Duunnu
575 2626 581 2637 .
1035 2594 1086 2637 xv.
1097 2596 1175 2639 mro.
1384 2596 1467 2641 xus.

357 2705 565 2771 Muuvasnon
1037 2704 1104 2787 viij.
1115 2728 1192 2769 circ.
1383 2729 1444 2773 ms.
1461 2707 1529 2793 viij.
1541 2710 1572 2773 d.

357 2868 406 2931 De
421 2867 531 2949 aliquo
546 2863 733 2949 hujusmodi
747 2866 892 2931 subsidio
907 2870 1177 2953 parochianorum
1192 2869 1379 2954 supradicte
1394 2869 1531 2933 ecclesie
1546 2868 1585 2933 de
1601 2869 1812 2935 wouorsmr

313 2976 378 3019 non
400 2953 596 3037 respondent
618 2973 655 3016 eo
677 2952 763 3038 quod
785 2955 899 3019 eedem
923 2958 1059 3021 ecclesia
1081 2959 1265 3021 continetur
1287 2976 1384 3040 supro
1406 2958 1440 3019 in
1463 2956 1625 3022 decanatu
1640 2958 1679 3022 de
1695 2958 1811 3024 Frome

312 3042 373 3195 qub
389 3038 666 3194 nomineepclesie
681 3041 721 3103 de
737 3040 937 3108 Gounnsn'us
951 3052 1012 3109 etc.
1035 3042 1238 3133 [coricelledl
1290 3040 1347 3131 [In
1364 3040 1504 3131 scorpio]
1533 3043 1811 3129 Superonerantur

336 3150 415 3214 erp.
428 3152 455 3195 s.
471 3150 541 3213 vuJ.
575 3175 582 3191 .

358 3265 558 3332 Osncellsrie
578 3260 750 3350 [Wnnrnn]
771 3265 813 3329 sb
828 3265 966 3349 antiquo
981 3265 1158 3330 taxabatur
1171 3266 1213 3328 ad
1227 3264 1271 3330 xl.
1282 3287 1358 3330 mre.

355 3391 643 3457 Arobidiaconatus
657 3388 833 3453 Bsmonus
1063 3442 1082 3469 ‚,
1172 3439 1192 3469 ‚,
1216 3411 1267 3453 xv.
1279 3414 1356 3455 mre.

659 3516 854 3581 Tinuroum
1066 3564 1085 3595 ‚‚
1175 3568 1195 3599 ,‚
1219 3520 1329 3586 loire.

354 3645 564 3731 Propositum
578 3645 720 3712 Wnnurs
1065 3693 1117 3735 „¹
1174 3695 1193 3726 ,‚
1217 3648 1346 3713 lmmrc.

361 3782 568 3872 [Subsidium
578 3780 603 3870 z]
614 3782 779 3866 -Nichil,
795 3804 833 3849 eo
849 3785 935 3867 quod
962 3788 1148 3851 muniones
1175 3786 1351 3851 eorundem
1377 3786 1589 3852 constituunt
1614 3784 1655 3849 de
1679 3786 1813 3851 diversis

311 3871 517 3958 porcionibus
546 3870 587 3934 de
616 3870 754 3933 diversis
783 3872 928 3936 ecclesiis
954 3880 990 3937 et
1018 3872 1235 3938 decanatibus
1265 3894 1302 3937 oc
1331 3873 1370 3937 de
1400 3873 1537 3936 diversis
1561 3872 1746 3937 redditibus
1776 3875 1811 3937 in

311 3960 458 4045 pluribus
470 3958 703 4021 diversisvillis
715 3958 799 4021 infra
809 3962 1004 4023 comitatum
1021 3962 1205 4043 predictum
1218 3963 1356 4043 receptis
1371 3971 1406 4024 et
1422 3960 1546 4024 eisdem
1561 3961 1814 4043 pertinentibus,

312 4057 347 4111 et
361 4048 450 4131 quod
466 4066 529 4108 nou
548 4053 626 4108 sunt
640 4065 699 4108 nec
713 4045 823 4128 aliqua
837 4065 948 4110 eorum
965 4054 1017 4110 est
1031 4054 1088 4111 out
1104 4057 1251 4132 tempore
1265 4049 1484 4111 concessionis
1510 4048 1648 4111 subsidii
1674 4048 1813 4130 predicti

311 4155 371 4198 seu
386 4139 498 4218 posteo
512 4131 649 4195 fuerunt
664 4132 713 4195 vel
729 4132 795 4195 fuit
809 4133 917 4217 alique
932 4134 1068 4197 ecclesie
1083 4136 1134 4197 vel
1156 4136 1289 4198 ecclesis
1304 4135 1422 4218 quibus
1438 4132 1489 4197 vel
1515 4136 1567 4196 cui
1593 4132 1744 4217 parochie
1761 4134 1813 4199 vel

333 4222 463 4285 arocbis
493 4226 659 4303 pertinent
689 4223 741 4283 vel
771 4222 917 4303 pertinet
946 4222 986 4284 de
1016 4242 1153 4303 quarum
1185 4221 1234 4285 vel
1262 4222 1302 4284 de
1326 4222 1419 4307 cujus
1449 4219 1655 4304 parochianis
1680 4220 1813 4307 aliquod

310 4244 500 4395 hujusmodi
525 4306 706 4369 subsidium
732 4308 837 4371 levare
863 4329 919 4371 seu
945 4309 1188 4373 districtionem
1216 4329 1274 4392 pro
1298 4309 1412 4372 eodem
1439 4328 1552 4391 capere
1566 4316 1746 4392 potuerunt
1760 4308 1812 4371 vel

310 4396 429 4481 aliquis
456 4415 568 4458 eorum
595 4396 716 4477 potuit,
742 4402 778 4457 ut
807 4395 921 4458 dicunt
948 4408 1011 4462 etc.
1036 4392 1240 4483 [cancelled].
1286 4396 1417 4479 litque
1443 4396 1485 4459 ad
1511 4396 1604 4459 cmii.
1619 4394 1661 4457 ab
1675 4396 1813 4479 antiquo

309 4484 504 4548 taxabantur
529 4485 617 4545 inter
640 4503 683 4559 se,
710 4481 865 4545 videlicet
892 4483 933 4546 de
961 4486 1163 4566 quibuslibet
1190 4482 1462 4569 x.mrc.-xiij.s.
1492 4482 1599 4569 iujo.
1630 4502 1687 4565 per
1717 4482 1813 4547 breve

308 4570 535 4655 supradictum
553 4576 617 4635 etc.
663 4570 949 4651 Superonerantur
964 4571 1004 4633 de
1020 4572 1065 4657 xj,
1077 4575 1111 4638 li.
1134 4568 1285 4659 [added]

352 4707 596 4771 Subdecsnstus
613 4706 729 4770 Wellie
744 4708 785 4772 ab
800 4708 937 4794 antiquo
953 4710 1127 4773 taxabatur
1141 4710 1181 4773 ed
1198 4731 1269 4775 xxx.
1284 4732 1359 4773 rure.

354 4834 585 4897 Succentsrius
753 4879 775 4910 ,‚
858 4883 878 4914 ‚,
1055 4887 1073 4914 ‚‚
1199 4836 1353 4921 viijrmrc.

358 4971 564 5059 [Subsidium
578 4968 777 5058 :]--Nichil,
792 4994 830 5035 eo
856 4974 942 5056 quod
967 4993 1032 5037 non
1057 4979 1136 5036 suut
1160 4973 1295 5037 ecclesie
1319 4992 1425 5058 neque
1452 4969 1603 5053 parochie
1629 4988 1688 5031 nec
1715 4966 1814 5029 elicui

307 5061 442 5123 ecclesie
456 5059 635 5142 parochiali
652 5061 866 5141 pertinentes,
883 5066 934 5124 set
948 5061 1036 5143 quod
1052 5059 1192 5145 quilibet
1210 5060 1449 5123 subdecanstus
1463 5057 1598 5120 ecclesie
1621 5052 1816 5117 cathedralis

305 5147 447 5215 Wnuurn
462 5156 498 5209 et
512 5148 730 5209 succentarios
747 5147 896 5232 ejusdem
911 5149 1048 5211 ecclesie
1063 5148 1252 5231 percipiunt
1266 5147 1437 5210 annuatim
1461 5144 1565 5206 dictas
1587 5140 1722 5228 xxxviij.
1734 5162 1811 5206 mre.

305 5234 460 5299 vicelicet
475 5235 584 5297 dictus
598 5232 836 5297 subdecanstus
851 5254 923 5300 xxx.
933 5258 1009 5301 mro.
1026 5246 1061 5299 et
1077 5235 1187 5298 dictus
1204 5234 1425 5299 succentarios
1439 5230 1590 5315 viij-mro.
1603 5230 1644 5292 de
1659 5226 1813 5312 proficuis

306 5330 341 5384 et
366 5321 601 5385 emolumentis
626 5320 774 5405 ejusdem
799 5320 934 5386 ecclesie
959 5330 993 5386 et
1020 5341 1085 5384 non
1112 5322 1178 5386 elio
1207 5322 1313 5399 modo,
1329 5326 1365 5384 ut
1392 5320 1507 5383 dicunt
1522 5322 1585 5381 etc.
1608 5312 1812 5402 [cancellosq.

306 5410 588 5491 Superonerantur
604 5408 645 5471 de
661 5409 718 5473 l.s.
736 5408 804 5495 viij
814 5409 846 5474 d.
869 5406 1019 5495 [added]
