4117 6209
916 631 1262 704 NORTHAMP'PON.

1086 926 1193 989 Abbss
1207 928 1249 991 de
1264 926 1385 1012 Burgo.

380 1006 527 1089 Glyntbn
542 1028 617 1072 cum
632 1006 784 1071 membris
823 1048 833 1058 -
925 1050 934 1061 -
1026 1052 1036 1063 -
1085 1013 1224 1077 Thomas
1238 1014 1280 1078 de
1295 1011 1531 1097 Goldesburgh.

1086 1099 1107 1164 J
1109 1099 1257 1166 ohannes
1272 1101 1398 1166 Russel.

380 1221 500 1287 Pasion
514 1244 588 1287 eum
604 1224 758 1289 membris
826 1266 836 1276 ·
928 1266 938 1277 ·
1029 1267 1040 1277 -
1086 1227 1194 1292 Abbas
1210 1228 1251 1292 de
1265 1227 1376 1313 Burgo
1390 1228 1503 1291 Sancti
1519 1227 1619 1292 Petri.

619 1514 839 1579 Hurrmmbus
864 1534 907 1579 os
930 1515 1213 1583 POLEBROKE.
1260 1515 1368 1579 Abbss
1382 1517 1423 1580 de
1439 1515 1558 1601 Burgo.

1088 1652 1181 1716 Idem
1196 1652 1293 1717 abbas
1308 1653 1347 1716 de
1361 1653 1480 1737 Burgo.

382 1735 506 1801 Undele
521 1757 595 1800 cum
611 1738 766 1801 membris
823 1778 832 1789 -
924 1774 935 1787 -
1026 1780 1036 1790 -
1086 1740 1192 1804 Abbas
1207 1741 1248 1804 de
1263 1738 1433 1805 Crolsund.

1086 1828 1186 1912 Hugo
1201 1828 1240 1891 de
1256 1826 1410 1893 Gorham.

1085 1957 1278 2021 Humfridus
1294 1958 1334 2020 de
1350 1955 1610 2040 Bassyngbume.

1082 2044 1103 2107 J
1104 2043 1247 2107 ohannes
1262 2045 1303 2108 de
1318 2044 1430 2108 Insula
1445 2043 1486 2107 ds
1501 2043 1577 2106 dote
1592 2044 1700 2107 uxoris
1716 2064 1782 2109 sue.

379 1998 627 2082 Benyfeldcum
642 2000 797 2063 membris
919 2040 929 2051 -
1022 1961 1077 2126 Ι

998 2181 1001 2187 “
1085 2167 1251 2231 Jobsnnes
1266 2167 1380 2251 Doyly.

1086 2255 1184 2340 Hugo
1200 2254 1313 2319 Wake.

379 2340 480 2405 stoke
493 2360 568 2403 cum
585 2341 740 2405 membris
822 2381 832 2391 -
924 2380 934 2391 -
1024 2382 1035 2391 -
1085 2342 1261 2405 Nichobrus
1275 2339 1424 2427 Knyght.

1084 2428 1236 2509 Thomas,
1251 2449 1356 2493 comes
1372 2428 1570 2493 Lancastrie.

1086 2516 1278 2601 Radulpbus
1293 2515 1441 2600 camoys.

377 2640 486 2725 Tborp
500 2640 735 2706 Haccburcb-
822 2630 834 2693 ἶ
926 2683 936 2693 -
1027 2643 1233 2719 -Thomas,
1248 2662 1355 2704 eomes
1374 2641 1570 2707 Lanmstrie.

1088 2772 1245 2834 Dominus
1293 2791 1347 2832 rex
1392 2791 1448 2855 per
1490 2777 1629 2834 mortem
1673 2769 1834 2837 iohannis

377 2854 595 2942 Tychemersh
619 2894 1035 2909 -----
1129 2859 1239 2923 Lovel.

1085 2946 1247 3011 Henricus
1261 2945 1302 3008 de
1316 2943 1544 3029 Tychemersb.

1084 3072 1192 3137 Abbas
1206 3073 1247 3135 'de
1263 3072 1373 3157 Burgo
1388 3071 1499 3136 Sancti
1515 3071 1618 3137 Petri.

1084 3159 1191 3226 Abbas
1205 3160 1245 3223 de
1258 3157 1417 3242 Thorney.

375 3244 515 3329 Olopton
530 3266 605 3308 oum
622 3246 775 3309 membris
819 3287 828 3297 -
919 3284 932 3293 -
1019 3284 1035 3295 -
1085 3247 1245 3311 Robertus
1260 3247 1375 3311 Hotot.

1059 3271 1245 3471 [Robertus
1259 3334 1300 3397 de
1314 3333 1408 3399 Vere.

1085 3421 1194 3486 Abbss
1209 3422 1250 3485 de
1265 3420 1393 3485 Ssutre.

1067 3548 1190 3629 JAbbas
1205 3548 1246 3612 de
1261 3548 1428 3629 eresey.

1024 3633 1034 3643 '
1070 3631 1248 3700 {walterus
1262 3635 1304 3699 de
1319 3635 1500 3717 langeton.

1085 3764 1228 3829 Abbstes
1242 3764 1281 3828 de
1296 3764 1455 3846 Ramesey
1470 3769 1505 3826 et
1518 3764 1560 3827 de
1574 3761 1691 3846 Burgo.

378 3902 588 3985 Hemyngion
606 3921 680 3963 cum
696 3900 851 4027 membris
922 3940 932 3951 .
1025 3941 1036 3951 .
1085 3852 1250 4003 ffgfflssz
1264 3851 1544 4003 ginffigssynsstffi·

1085 4024 1249 4090 iohannes
1264 4025 1423 4090 cardoun.

1086 4161 1192 4225 Abbss
1207 4161 1246 4224 de
1262 4161 1382 4244 Burgo.

1085 4248 1247 4312 Robertus
1263 4246 1427 4313 Portbors.

379 4335 519 4400 Polbrok
536 4356 610 4399 cum
628 4334 780 4399 membris
824 4375 834 4385 -
925 4374 935 4384 -
1026 4375 1036 4385 -
1085 4334 1251 4399 ‚Iohannes
1265 4336 1307 4399 de
1321 4334 1488 4401 Grendon.

1087 4422 1289 4507 Reginsidus
1304 4422 1335 4485 le
1351 4421 1480 4505 Moyne.

1085 4508 1194 4575 Abbrs
1208 4510 1248 4573 de
1262 4508 1425 4592 Tbomey.

1087 4647 1194 4713 Abbas
1209 4648 1250 4711 de
1266 4647 1386 4732 Burgo.

1087 4736 1227 4799 Thomas
1242 4736 1283 4798 de
1298 4735 1449 4818 Pappele.

379 3589 576 3654 Bernewelie
718 3626 728 3637 ·
820 3631 830 3640 -
922 3632 931 3643 ·

380 4693 614 4777 Wermyrrgton
630 4710 705 4754 cum
720 4689 872 4753 membris
933 4730 943 4741 -
1034 4659 1081 4801 .1

497 4987 717 5053 Hnrbnsburr
742 5006 785 5051 br
808 4986 1103 5056 HOKESLOWE.
1150 4987 1256 5051 Abbss
1270 4986 1311 5049 de
1327 4984 1436 5068 Burgo
1453 4983 1565 5047 Sancti
1580 4981 1680 5047 Petri.

382 5125 538 5189 hilleiord
551 5144 626 5188 oum
641 5123 796 5189 membris
824 5160 839 5172 ·
880 5219 884 5229 ι
928 5165 938 5177 -
1027 5163 1042 5174 -
1085 5125 1250 5190 Robertus
1263 5125 1306 5189 do
1319 5122 1465 5206 Weleby.

1087 5262 1201 5327 Comes
1216 5260 1416 5326 Lsnoesirie.

385 5346 588 5432 Aldewyncle
603 5366 677 5411 oum
692 5344 847 5410 membris
917 5384 927 5399 ·
1018 5390 1028 5401 ·
1056 5262 1247 5520 {Hemicus
1261 5340 1505 5433 i'yobemershe.

1085 5436 1244 5501 Ricardus
1258 5435 1299 5499 de
1315 5431 1530 5517 Aidewynele.
