4117 6209
933 689 1016 758 al).
1041 690 1137 758 1346.
1718 693 1781 761 247

321 975 471 1042 Matildis
486 977 528 1041 de
541 975 681 1060 Mallsye
697 979 789 1039 tenet
804 975 968 1042 Mannnnn
983 993 1042 1058 pro
1057 981 1173 1059 quarta
1187 979 1278 1056 parte
1300 973 1325 1058 j.
1342 971 1365 1037 f.
1380 993 1427 1039 m.
1443 991 1540 1056 quam
1556 969 1577 1034 J
1579 969 1724 1034 ohannes
1740 970 1780 1034 de

278 1064 419 1149 Malleye
433 1064 597 1149 quondam
611 1065 723 1128 tenuit
738 1063 778 1127 de
792 1062 887 1127 dicto
902 1062 1038 1147 Rogare.

319 1202 364 1267 Et
378 1202 495 1266 dicunt
509 1209 572 1268 etc.
594 1206 641 1282 (os
658 1202 785 1284 before).

320 1335 391 1401 'De
407 1337 548 1424 Hugone
563 1337 603 1400 de
620 1335 807 1420 Scheynton
823 1357 880 1419 pro
895 1335 932 1422 ij.
949 1335 1097 1418 partibus
1107 1333 1135 1418 j.
1152 1333 1176 1400 f.
1192 1336 1227 1398 in
1255 1335 1463 1414 Sonnnrmou,
1486 1355 1586 1417 quam
1614 1332 1714 1417 lingo
1736 1332 1778 1394 de

277 1423 461 1508 Scheynton
477 1424 640 1510 quondam
656 1424 765 1489 tenuit
780 1423 820 1486 de
835 1423 924 1486 dicto
941 1423 1077 1508 Rogare.

319 1739 493 1805 Edwardns
508 1739 562 1804 dei
575 1741 683 1824 gratia
697 1745 760 1804 etc.
772 1761 811 1803 ex
822 1744 915 1822 parte
927 1739 1089 1803 lobannis
1099 1740 1140 1804 de
1150 1740 1300 1804 Atforton
1312 1745 1347 1803 et
1359 1737 1474 1802 Sibille
1485 1739 1525 1802 de
1536 1738 1568 1801 la
1580 1739 1674 1802 Iowe
1687 1739 1779 1802 nobis

274 1831 324 1891 est
350 1832 517 1891 ostensum
547 1828 632 1910 quod
659 1827 737 1891 licet
767 1828 892 1891 diversa
915 1831 1001 1891 terre
1026 1832 1060 1891 et
1084 1833 1273 1892 tenemento
1298 1828 1335 1890 in
1361 1826 1449 1888 villis
1476 1827 1515 1889 de
1542 1827 1591 1891 La
1618 1827 1718 1893 Lown
1742 1834 1779 1889 et

276 1915 521 1994 Ninussnvaon,
538 1935 601 1999 que
616 1935 673 1997 per
689 1915 860 1978 servicium
875 1914 1063 1978 medietatis
1076 1916 1102 2000 j.
1118 1915 1141 1979 f.
1158 1936 1203 1980 m.
1219 1915 1431 1979 incomitata
1452 1913 1597 1997 predicto
1611 1919 1777 1992 tenentur,

276 2002 316 2064 ad
342 2020 461 2066 manus
488 2003 687 2065 diversorum
715 2001 904 2065 tenencinm
928 2022 984 2085 per
1008 2003 1233 2065 vendicionem
1256 2012 1292 2064 et
1316 2000 1382 2062 alio
1406 2001 1501 2063 modo
1526 2001 1726 2064 devenerunt
1744 2011 1778 2063 et

275 2086 383 2152 adhuc
405 2089 440 2152 iu
465 2089 613 2153 manibus
639 2088 815 2152 eorundem
840 2090 997 2165 existunt,
1020 2089 1205 2172 prefatique
1226 2087 1389 2151 lohannes
1412 2092 1447 2149 et
1472 2087 1589 2151 Sibilla
1614 2089 1779 2170 porciones

275 2175 361 2259 ipsas
376 2176 416 2239 de
432 2176 553 2239 auxilio
569 2175 713 2259 predicto
728 2195 786 2258 pro
801 2175 951 2240 omnibus
966 2177 1062 2257 terris
1077 2182 1111 2238 et
1127 2178 1324 2239 tenementis
1339 2175 1373 2237 in
1389 2173 1542 2237 manibus
1557 2176 1624 2237 suis
1640 2175 1779 2257 propriis

275 2263 309 2325 in
334 2264 423 2327 dicto
447 2263 608 2327 comitatu
630 2262 847 2326 existentibus
870 2264 1100 2347 contingentes
1116 2263 1204 2326 vobis
1230 2262 1271 2326 ad
1297 2283 1377 2345 opus
1400 2266 1548 2325 nostrum
1564 2261 1687 2324 solvere
1702 2268 1780 2323 aunt

277 2351 392 2433 parati,
420 2370 476 2413 vos
504 2356 615 2414 tamen
638 2350 799 2413 auxilium
822 2351 989 2433 integrum
1019 2371 1039 2412 a
1068 2351 1202 2433 prelatis
1226 2348 1375 2413 Johanne
1405 2354 1437 2411 et
1466 2348 1582 2411 Sibilla
1610 2369 1668 2432 pro
1692 2347 1779 2412 villis
1854 2382 1860 2390 ·

276 2438 413 2522 integris
429 2438 557 2501 omissis
572 2437 766 2501 tenentibus
782 2438 987 2520 supradictis,
1004 2438 1061 2522 qui
1077 2439 1118 2500 de
1133 2437 1256 2500 auxilio
1270 2437 1418 2520 predicto
1444 2457 1501 2519 pro
1525 2441 1597 2498 rata
1620 2437 1780 2518 porcionis

278 2534 390 2588 tenure
406 2545 464 2588 sue
479 2525 520 2588 de
540 2523 615 2608 jure
641 2526 767 2587 onerari
782 2525 912 2603 debent,
928 2523 1037 2587 levare
1054 2524 1230 2588 intenditis
1244 2532 1277 2587 et
1293 2525 1379 2606 ipsos
1393 2544 1431 2587 ea
1446 2525 1611 2586 occasione
1626 2522 1779 2606 distringi

276 2612 385 2674 facitis
409 2613 517 2675 minus
536 2611 627 2695 juste
650 2613 685 2674 in
710 2612 856 2695 ipsorum
882 2609 1043 2674 Johannis
1068 2617 1102 2674 et
1125 2610 1239 2674 Sibille
1263 2610 1442 2694 dampnum
1465 2630 1530 2673 non
1553 2610 1718 2672 modicum
1745 2616 1779 2672 et

276 2719 460 2782 gravamen.
506 2699 551 2761 Et
579 2699 656 2781 quia
685 2703 749 2763 etc.
784 2704 827 2776 (to
858 2699 907 2762 tlte
933 2721 1018 2763 corne
1046 2701 1133 2781 effect
1163 2721 1199 2763 aa
1228 2699 1347 2777 abore).
1392 2699 1488 2760 Teste
1511 2717 1564 2760 me
1593 2698 1663 2779 ipso
1692 2696 1779 2780 apud

277 2786 601 2850 westmonasterium
618 2783 687 2868 viij.
705 2785 759 2848 die
774 2785 968 2849 Novembris
981 2805 1068 2848 anno
1093 2787 1188 2870 regni
1214 2787 1317 2849 nostri
1340 2784 1459 2869 Anglie
1485 2783 1639 2848 vicesimo
1663 2786 1781 2867 primo,

276 2875 371 2958 regni
387 2893 462 2938 vero
477 2872 582 2936 nostri
598 2873 739 2938 Francis
753 2874 872 2938 octavi.

320 3061 497 3145 Inquisicio
525 3065 624 3145 capta
654 3060 739 3145 apud
769 3061 817 3124 La
846 3059 939 3123 Lowe
977 3061 1032 3124 die
1070 3059 1205 3139 Sabbati
1235 3059 1381 3145 proxima
1411 3064 1486 3142 post
1513 3060 1635 3123 festum
1666 3057 1779 3124 Sancti

277 3147 452 3213 Clementis
477 3168 562 3212 anno
585 3150 677 3233 regni
702 3149 789 3232 regis
815 3147 964 3211 Edwardi
991 3146 1090 3210 tercii
1113 3169 1133 3210 a
1157 3153 1338 3230 conquestu
1361 3146 1517 3210 vicesimo
1541 3148 1646 3229 primo
1671 3166 1779 3210 coram

278 3236 456 3300 Laurencio
479 3235 520 3300 de
547 3235 717 3298 Iodelowe
745 3242 808 3298 etc.
829 3239 876 3314 (aa
899 3235 1026 3315 before),
1044 3255 1101 3316 per
1124 3233 1289 3318 Rogemm
1312 3235 1352 3297 de
1377 3233 1530 3310 Foxcote,
1545 3234 1723 3297 Robsrtum
1739 3234 1779 3296 de

278 3323 403 3398 claeon,
429 3322 590 3388 Thomam
616 3323 657 3386 de
684 3321 857 3399 Doditone,
880 3320 1062 3384 Walterum
1086 3321 1125 3384 de
1150 3321 1305 3405 Malleye,
1327 3320 1533 3387 Willelmum
1556 3321 1596 3384 de
1620 3320 1653 3383 la
1675 3320 1781 3398 Ioue,

278 3410 479 3475 Willslmum
494 3409 535 3473 de
550 3409 745 3494 Longeleye,
759 3406 945 3473 Johannem
961 3408 1001 3471 de
1017 3409 1171 3491 Malleye,
1185 3407 1361 3471 Ricardum
1387 3409 1428 3472 de
1453 3406 1592 3490 Hyntes‚
1620 3405 1780 3470 Thomam

275 3497 317 3562 ds
332 3498 531 3584 Iggnmdyn,
545 3496 759 3560 Hamundum
774 3495 814 3559 de
830 3495 1032 3580 Igguardyn,
1047 3495 1234 3558 Galfridum
1258 3495 1299 3558 de
1324 3494 1499 3578 Norgrave,
1524 3499 1559 3557 et
1584 3493 1779 3558 Nicholaum

276 3585 317 3650 de
331 3584 531 3670 Iggnardyn‚
546 3584 603 3667 qui
617 3584 734 3647 dicunt
749 3603 806 3666 per
821 3588 1061 3646 sacramentum
1077 3602 1173 3646 suum
1188 3581 1272 3667 quod
1283 3603 1337 3644 :-

321 3773 341 3837 J
343 3771 484 3836 ohannes
493 3770 536 3836 de
546 3772 719 3836 Atfortone
730 3775 765 3835 et
773 3770 891 3835 Sibilia
903 3774 985 3851 (sic),
995 3772 1157 3854 quondam
1169 3791 1249 3835 uxor
1259 3771 1376 3854 Rogeri
1392 3770 1433 3833 de
1443 3768 1781 3853 Brompdone,tenent

278 3861 327 3928 La
342 3861 442 3927 Lowa
458 3879 516 3943 pro
530 3867 646 3942 quarta
660 3864 754 3942 parte
768 3859 793 3945 j.
810 3860 834 3924 f.
851 3881 897 3924 m.
943 3860 988 3921 Et
1003 3858 1167 3923 Walterus
1182 3859 1223 3921 de
1239 3856 1499 3922 Schelrenhurste
1514 3863 1549 3920 et·
1569 3857 1780 3940 particulares

278 3949 328 4012 sui
343 3953 456 4012 tenent
471 3947 507 4011 in
522 3947 741 4016 Nnunmvaon
757 3954 907 4030 quartam
923 3951 1048 4029 partem
1063 3946 1089 4033 j.
1105 3944 1129 4012 l.
1145 3967 1192 4013 m.
1205 3945 1246 4010 de
1261 3946 1376 4010 eodem
1391 3946 1436 4010 di.
1452 3946 1475 4010 f.
1492 3949 1526 4010 et
1538 3965 1604 4009 non
1619 3944 1701 4029 plns.

321 4085 362 4150 In
377 4083 471 4168 cujus
485 4085 533 4149 rei
547 4091 610 4151 etc.

897 4408 993 4483 Am.
1035 4408 1157 4481 1428.

323 4591 486 4658 Particule
511 4594 654 4676 compoti
683 4592 840 4656 willelmi
865 4591 1041 4669 Wolriche,
1065 4593 1216 4676 Hugonis
1241 4592 1320 4655 Diar
1345 4593 1384 4656 de
1413 4591 1568 4676 Berewyk
1593 4593 1674 4655 alias
1696 4593 1778 4657 dicti

280 4682 430 4766 Hngonis
445 4680 616 4765 Berewylr,
628 4687 663 4742 ct
678 4681 837 4743 sociorum
853 4700 984 4743 suorum
1000 4679 1209 4743 collectorum
1223 4680 1392 4766 cujusdam
1408 4679 1547 4743 subsidii
1568 4681 1604 4743 in
1618 4683 1779 4746 comitatu

280 4769 420 4852 Salopie,
436 4773 572 4851 excepto
586 4767 689 4853 burgo
703 4767 841 4851 Salopie,
856 4767 942 4850 quod
957 4771 1019 4832 etc.
1037 4767 1089 4852 (aa
1100 4769 1309 4851 previorulp),
1322 4787 1381 4851 per
1395 4768 1489 4831 breve
1503 4770 1588 4849 regis
1602 4768 1643 4832 de
1658 4789 1778 4852 magno

278 4855 385 4939 sigillo
401 4875 458 4918 suo
474 4861 588 4939 patens
603 4855 741 4938 prefatis
764 4853 989 4918 collectoribus
1005 4855 1083 4918 iude
1097 4856 1261 4919 directum
1276 4855 1390 4920 datum
1407 4855 1463 4940 vj‘0
1484 4854 1539 4918 die
1553 4855 1675 4939 Aprilis
1690 4856 1778 4921 dicto

279 4962 362 5006 anno
377 4941 434 5026 vjl⁰
455 4961 555 5025 penes
569 4940 627 5006 has
641 4941 820 5025 particulas
834 4961 1015 5005 remanens.

747 5130 969 5196 Huunnnnnu
992 5151 1037 5194 nn
1059 5130 1314 5197 BRADFORD.

321 5263 371 5330 De
395 5265 536 5352 Hugone
560 5263 714 5348 Berewyk
739 5270 774 5327 et
800 5262 956 5348 Philippo
984 5261 1080 5348 Otley
1105 5284 1163 5348 pro
1187 5263 1233 5329 di.
1250 5263 1273 5330 f.
1288 5286 1335 5331 m.
1360 5265 1395 5327 in
1421 5264 1590 5332 Bnanwrn
1614 5265 1777 5351 quondam

277 5350 437 5417 Johannis
451 5351 688 5436 Mauveysyne‚
702 5357 734 5414 et
751 5356 884 5415 tenetur
899 5352 939 5414 de
956 5349 1122 5414 Willelmo
1136 5350 1211 5414 Fitz
1226 5352 1387 5434 Aleyn-
1478 5393 1490 5404 -
1577 5352 1659 5438 iij.s.
1677 5353 1776 5438 iiij.d.

907 5555 944 5602 'A
956 5551 1022 5603 later
1033 5549 1157 5604 addition.
