4117 6209
299 653 364 719 860
931 655 1182 723 SOMERSET.

345 940 393 1003 De
416 941 539 1005 Thema
561 946 632 1006 atie
659 942 763 1007 Forde
786 950 820 1008 et
844 945 987 1009 Waltero
1012 948 1054 1011 de
1079 946 1253 1032 Rodeneye
1275 970 1333 1031 pro
1359 948 1405 1014 di.
1422 949 1446 1014 f.
1462 951 1496 1012 in
1514 949 1698 1016 'I'rwrmrorr
1713 951 1799 1035 quod

302 1026 425 1091 Felicia
439 1030 478 1091 de
495 1030 596 1093 Forde
611 1037 646 1093 et
662 1031 846 1096 Willelmus
861 1032 1036 1121 Pykeryng
1051 1036 1214 1119 quondam
1229 1043 1407 1101 tenuerunt
1423 1037 1548 1101 ibidem
1612 1078 1623 1089 -
1711 1059 1797 1103 rme.

345 1164 392 1227 De
414 1164 573 1245 Johanna,
588 1188 652 1249 que
675 1169 741 1232 fuit
766 1189 846 1232 uxor
870 1168 994 1234 Thome
1017 1172 1059 1234 de
1074 1172 1221 1255 Gurnay,
1235 1194 1293 1256 pro
1314 1174 1360 1239 di.
1377 1175 1399 1237 f.
1415 1174 1502 1257 apud
1518 1174 1567 1243 Ire
1581 1173 1798 1241 Wonnnouse

300 1252 387 1335 quod
405 1252 563 1317 Walterus
578 1254 699 1338 Pavely
714 1257 878 1341 quondam
894 1260 1003 1321 tenuit
1018 1260 1141 1323 ibidem
1209 1300 1625 1314 -----
1714 1284 1797 1329 xm.

345 1388 392 1452 De
422 1388 578 1454 Edwardo
607 1391 785 1477 Stradlyng
815 1415 872 1476 pro
902 1415 957 1461 un.
984 1394 1008 1460 f.
1039 1397 1075 1458 in
1107 1396 1201 1463 Coun
1232 1397 1401 1463 Hmwm
1431 1399 1519 1481 quod
1556 1398 1720 1463 Johrnnee
1756 1400 1797 1462 de

301 1474 491 1563 Penbrygge
507 1480 669 1562 quondam
685 1484 793 1545 tenuit
808 1482 929 1545 ibidem
1011 1516 1629 1537 -------
1635 1495 1638 1500 ⁴
1717 1486 1795 1551 xhr.

345 1613 393 1677 De
408 1612 558 1679 Johanne
575 1617 616 1679 de
633 1616 793 1681 Pederton
813 1639 872 1703 pro
897 1639 955 1684 uh.
971 1618 996 1685 f.
1013 1622 1047 1683 in
1072 1620 1254 1687 Domrorr
1277 1620 1365 1704 quod
1391 1621 1583 1706 liudulphus
1606 1622 1648 1686 de
1674 1622 1798 1707 Gorgee

300 1702 464 1785 quondam
479 1703 589 1767 renuit
604 1704 728 1768 ibidem
803 1745 1628 1761 ---------
1716 1711 1760 1775 xl.
1770 1730 1797 1776 e.

345 1839 394 1902 De
410 1838 537 1904 Olivero
552 1840 593 1904 de
609 1840 760 1923 Dynhem
788 1864 845 1925 pro
871 1864 927 1909 un.
944 1844 967 1907 f.
983 1846 1018 1908 in
1037 1846 1270 1924 cinereum,
1288 1847 1440 1926 Hemorr,
1456 1848 1705 1915 Rmmnunere
1727 1844 1791 1935 [et]

300 1926 461 1993 Dumme
475 1928 562 2010 quod
579 1928 762 1993 Willelmus
779 1928 926 2019 Cotel[e]
949 1933 1113 2017 quondam
1129 1935 1240 1997 tenuit
1255 1934 1430 1998 ibidem·
1520 1975 1531 1985 -
1622 1975 1632 1988 ·
1721 1936 1796 2000 xhe.

343 2062 392 2126 De
424 2064 557 2129 Matheo
586 2066 626 2129 de
657 2065 781 2131 Button
809 2089 866 2151 pro
891 2068 936 2133 di.
963 2070 986 2134 f.
1013 2070 1047 2132 in
1074 2070 1269 2135 errmrrorr
1301 2072 1387 2153 quod
1417 2068 1582 2135 Johennee
1604 2073 1647 2135 de
1673 2071 1796 2135 Buiton

299 2150 463 2235 quondam
477 2154 588 2216 tenuit
601 2154 726 2218 ibidem
800 2195 1625 2212 ---------
1713 2181 1796 2227 xm.

344 2288 392 2352 De
415 2289 563 2353 Johenne
590 2291 630 2355 de
655 2290 761 2355 Borne
788 2313 845 2376 pro
871 2292 916 2358 di.
940 2292 964 2359 f.
991 2294 1025 2356 in
1050 2294 1212 2360 meren
1237 2294 1325 2378 quod
1352 2295 1534 2359 Willelmue
1549 2295 1590 2359 de
1605 2296 1797 2381 Axebmgge

299 2376 462 2459 quondam
477 2378 584 2441 tenuit
599 2378 722 2442 ibidem
802 2420 1626 2433 ---------
1713 2403 1796 2449 xxa.

734 2578 799 2621 mm
828 2514 1015 2685 [feodorum
1026 2517 1151 2603 r—viij.
1168 2516 1191 2619 i.
1206 2518 1252 2584 di.
1266 2520 1406 2604 integre.

848 2604 1057 2667 denarrorum
1069 2624 1202 2689 :-xvrj.
1211 2604 1249 2671 le.

504 2736 670 2805 feodorum
684 2741 888 2825 integrorum
899 2742 1085 2807 r-eclxxix.
1102 2742 1126 2806 f.
1142 2740 1186 2807 di.
1203 2741 1269 2827 iiij·
1289 2762 1362 2827 pare
1385 2749 1421 2807 et
1444 2753 1477 2807 x·
1497 2764 1570 2827 pare
1585 2764 1641 2810 un.
1655 2744 1681 2809 f.
1697 2767 1742 2810 m.
1762 2750 1797 2808 et

983 2849 1059 2913 pare
1073 2830 1277 2914 contingens.

341 2926 477 2993 Summa
504 2928 711 2993 denariorum
726 2931 803 2995 inde
815 2930 999 3034 z—Dlix.ii.
1015 2954 1131 3034 111118
1146 2932 1221 3020 ij.d.

504 3014 671 3080 feodorum
687 3016 729 3081 de
743 3016 896 3102 Morteyn
908 3041 997 3105 :—1J.
1013 3020 1037 3086 f.
1052 3028 1085 3084 et
1102 3042 1152 3105 ¹1]-
1167 3028 1277 3105 parter
1291 3041 1347 3087 un.
1363 3022 1385 3088 f.

504 3103 708 3167 denariorum
720 3106 922 3193 :—lxxiiij.e.
940 3106 1041 3195 iiij.d

874 3352 1222 3367 —Q—

342 3554 450 3619 Feode
464 3555 600 3620 inventa
614 3576 670 3639 per
685 3557 831 3621 rotulum
847 3557 887 3622 de
901 3558 1031 3621 releviis
1045 3558 1142 3621 iretis
1155 3562 1225 3620 tem
1240 3562 1386 3641 tempore
1401 3556 1488 3641 regis
1506 3554 1657 3619 Edwardi
1683 3557 1736 3619 avi
1762 3564 1797 3620 et

296 3644 381 3728 regie
407 3642 555 3707 Edwardi
581 3646 682 3727 patrie
705 3645 789 3729 regis
814 3643 909 3728 hujus
936 3666 1034 3729 quam
1058 3646 1162 3727 ipsius
1187 3646 1274 3729 regie
1300 3664 1388 3707 nune
1414 3643 1474 3706 rub
1498 3644 1580 3727 pede
1596 3643 1697 3728 sigilli
1711 3644 1795 3729 regie

298 3735 465 3813 receptum
480 3731 515 3793 in
531 3732 735 3795 evideneiam
750 3732 792 3795 ad
808 3731 992 3814 predictum
1008 3734 1166 3795 auxilium
1183 3732 1368 3796 levandum.

668 3905 889 3973 Humerum«
911 3925 955 3973 nr
978 3905 1163 3977 LIBERIS
1186 3904 1420 3974 MANERIIS.

343 4054 392 4117 De
407 4052 581 4123 heredibus
596 4052 747 4121 Nicholei
761 4055 899 4137 Peeehe,
915 4054 1076 4121 Johennie
1090 4056 1219 4121 Durani
1233 4062 1270 4119 eh
1284 4055 1444 4120 Johennis
1460 4054 1592 4119 Heroun
1608 4074 1666 4138 pro
1681 4060 1797 4138 quarta

295 4152 387 4225 perte
402 4162 456 4205 un.
473 4140 497 4207 f.
515 4163 559 4207 m.
577 4142 613 4204 in
629 4142 767 4209 Nhurore
783 4150 815 4207 et
832 4144 947 4210 Exrorr
963 4165 1062 4229 quem
1078 4143 1236 4208 Rimrdur
1250 4144 1292 4207 de
1308 4142 1475 4206 wrotham
1489 4143 1654 4226 quondam
1671 4144 1780 4207 tenuit

1729 4250 1794 4295 m.

340 4365 389 4429 De
413 4366 530 4430 herede
555 4365 716 4431 Johennie
748 4368 815 4449 Ive,
845 4368 906 4432 filii
937 4374 972 4433 et
1001 4367 1128 4433 heredis
1155 4369 1258 4433 Alieie
1287 4367 1328 4432 de
1358 4366 1489 4445 Harele,
1518 4388 1576 4451 pro
1601 4366 1676 4454 iiiji·
1705 4372 1796 4451 perte
1860 4350 1864 4355 ⁴

297 4474 352 4518 un.
369 4453 392 4518 f.
409 4475 452 4518 m.
469 4453 592 4518 ibidem
615 4486 1642 4510 -----------
1731 4476 1795 4520 xa.

338 4589 387 4653 De
414 4590 555 4653 Henrico
583 4592 691 4654 Power
714 4612 772 4675 pro
795 4599 910 4657 orbare
936 4598 1027 4675 perte
1054 4612 1110 4658 un.
1126 4593 1150 4658 f.
1167 4614 1212 4658 m.
1228 4594 1262 4655 in
1289 4592 1405 4658 Error
1429 4611 1528 4674 quem
1552 4588 1738 4673 Stephanus
1753 4591 1794 4653 de

298 4678 442 4761 Merreye
456 4678 618 4762 quondam
635 4682 744 4743 tenuit
819 4718 1641 4732 ---------
1730 4698 1795 4744 m.

733 5017 954 5083 Hmmmmmr
977 5037 1021 5084 mr
1044 5014 1361 5083 KYNMERBTON.

338 5152 385 5216 De
412 5152 585 5236 Redulpho
611 5154 808 5237 Deubeneye
832 5174 890 5236 pro
913 5160 1031 5235 quarta
1057 5158 1151 5235 perte
1176 5170 1234 5216 un.
1250 5154 1273 5218 i.
1290 5172 1336 5217 m.
1353 5152 1388 5215 in
1413 5152 1642 5219 Kmmnnsnou
1670 5152 1712 5217 de
1726 5154 1795 5221 illie

297 5239 405 5302 tribus
431 5241 580 5323 partibus
604 5261 659 5306 un.
676 5242 700 5307 f.
727 5260 806 5325 ques
832 5241 920 5303 Elias
946 5240 1034 5303 filiun
1059 5247 1095 5302 et
1121 5238 1213 5301 heres
1236 5239 1384 5322 Philippi
1410 5238 1608 5322 Deubeneye
1633 5241 1795 5323 quondam

295 5328 405 5391 tenuit
430 5328 553 5390 ibidem
580 5334 615 5391 eh
643 5328 731 5391 unde
758 5326 969 5410 respondetur
995 5347 1092 5411 supra
1115 5328 1158 5389 de
1184 5325 1230 5391 di.
1254 5325 1279 5392 f.
1297 5326 1333 5388 in
1360 5326 1440 5391 villa
1465 5326 1613 5409 predicte
1637 5346 1695 5409 per
1717 5328 1798 5391 elim

293 5413 478 5477 evidenciis
492 5416 640 5477 inventes
655 5436 712 5498 per
726 5414 855 5477 dietum
870 5414 1014 5477 rotulum
1031 5415 1073 5477 de
1087 5412 1215 5477 releviis
1225 5452 1642 5467 ·····
1730 5436 1795 5483 xa.
