4117 6209
298 631 363 702 avo
849 629 861 652 ·
977 631 1130 716 saoce.

343 923 484 987 Thomas
510 924 643 1008 Hoptou
668 924 707 988 dc
734 925 867 1008 Hopton
892 927 925 988 in
952 926 1067 990 eodem
1091 929 1262 1003 comitatu,
1276 929 1429 1011 armiger,
1445 933 1539 992 tenet
1565 927 1747 991 manerium
1762 927 1802 990 de

300 1012 392 1074 Eros
422 1013 643 1075 coemamus
680 1032 734 1095 per
772 1015 944 1076 servicium
981 1014 1169 1078 medietatis
1200 1014 1227 1099 j.
1261 1017 1281 1077 f.
1313 1037 1358 1080 m.
1390 1015 1430 1076 de
1468 1015 1613 1097 predicto
1651 1013 1801 1078 Johaune

302 1099 512 1177 Mautravers,
525 1099 610 1182 quod
626 1099 714 1162 valet
729 1105 792 1162 etc.
809 1121 836 1162 c.
847 1123 875 1165 r.

343 1242 508 1306 Johannes
546 1241 717 1328 Leyghton
755 1244 796 1310 de
835 1244 1003 1328 Leyghtou
1041 1246 1076 1307 iu
1113 1243 1227 1306 eodem
1267 1245 1439 1319 comitatu,
1474 1244 1670 1327 geutilman,
1706 1249 1800 1308 tenet

299 1330 490 1502 ἒιῖιιορᾱιινίίιιιιῑέιι
504 1330 557 1482 dih
570 1330 753 1482 Isagouros
779 1349 836 1414 per
862 1333 1033 1396 servicium
1059 1331 1081 1411 j.
1098 1330 1121 1395 i.
1139 1351 1184 1396 m.
1201 1331 1241 1394 de
1256 1331 1404 1414 predicto
1419 1329 1568 1395 Johanae
1583 1331 1798 1411 Mautravers,

345 1563 484 1644 Rostris,
515 1565 681 1629 comitissa
712 1565 944 1642 Darrundeilie
973 1572 1068 1628 tenet
1104 1566 1287 1627 manerium
1317 1565 1357 1628 ds
1386 1565 1572 1631 anaaovva
1602 1566 1712 1633 Paava
1742 1587 1800 1650 per

299 1654 470 1715 servicium
486 1652 674 1716 medietatis
684 1651 711 1736 j.
727 1653 749 1716 f.
766 1674 811 1719 m.
826 1652 867 1717 de
882 1653 1027 1736 predicto
1042 1651 1189 1716 Johaune
1205 1652 1419 1732 Mautravers,
1435 1653 1521 1736 quod
1538 1652 1626 1716 vaiet
1640 1661 1703 1716 sto.
1718 1675 1747 1720 o.
1760 1677 1786 1719 r.

344 1803 483 1866 Thomas
498 1801 614 1865 Corbet
628 1803 669 1865 de
685 1801 816 1865 Mortou
831 1805 864 1866 iu
881 1802 993 1866 eodem
1009 1803 1179 1880 comitatu,
1195 1804 1348 1886 armiger,
1363 1808 1398 1864 et
1410 1803 1586 1886 participes
1613 1803 1663 1865 sui
1687 1810 1800 1866 tenent

301 1892 481 1953 manerium
504 1890 546 1954 de
571 1890 757 1957 Saawsuas
780 1910 838 1974 per
860 1890 1031 1954 servicium
1058 1891 1158 1953 tercie
1184 1891 1285 1971 partis
1307 1888 1333 1973 j.
1350 1890 1372 1954 f.
1390 1910 1435 1955 m.
1451 1889 1492 1952 ds
1507 1889 1640 1952 domiuo
1655 1909 1730 1974 rege
1745 1893 1798 1956 ic.

300 1977 386 2061 quod
402 1978 488 2042 vaiet
504 1983 567 2042 etc.
585 1998 614 2041 v.
624 1999 724 2048 mare.

344 2125 478 2190 isabella
492 2123 677 2210 Fraunceys
691 2126 732 2190 de
748 2125 893 2210 Dokesoy
908 2129 943 2190 iu
958 2127 1118 2190 comitatu
1134 2124 1318 2205 staffordia,
1334 2126 1480 2202 wedewe,
1499 2129 1594 2188 tenet
1616 2126 1797 2188 manerium

299 2215 340 2278 de
355 2213 559 2281 Lovsssoso
575 2234 630 2299 per
644 2215 815 2278 servicium
825 2213 853 2297 j.
871 2215 893 2279 f.
909 2235 954 2281 m.
971 2214 1010 2278 de
1024 2213 1158 2277 domiuo
1171 2233 1247 2297 rege
1262 2215 1313 2277 ic.
1329 2213 1415 2296 quod
1431 2213 1517 2277 valet
1531 2219 1594 2277 eto.
1612 2233 1641 2278 x.
1653 2214 1687 2278 ii.

343 2361 501 2426 Ricardus
516 2360 652 2426 Sont'ord
668 2364 708 2426 de
725 2361 861 2426 Sontord
876 2365 911 2426 iu
926 2363 1040 2427 eodem
1055 2365 1227 2441 comitatu,
1240 2362 1439 2445 gentelmau,
1457 2367 1548 2425 tenet
1562 2364 1743 2427 manerium
1757 2364 1798 2427 de

302 2451 456 2520 Sorvroan
480 2469 538 2535 per
560 2451 733 2514 servicium
760 2451 948 2515 medietatis
971 2451 995 2535 j.
1012 2451 1035 2514 f.
1051 2471 1097 2517 m.
1123 2450 1163 2514 de
1188 2449 1320 2512 domino
1347 2469 1425 2534 rege
1450 2451 1503 2515 ic.
1519 2450 1605 2532 quod
1621 2451 1708 2513 vaiet
1732 2458 1796 2518 eto.

301 2557 331 2604 x.
342 2559 440 2604 more.

343 2685 508 2750 iohannes
522 2684 650 2765 Talbot,
665 2685 772 2764 miles,
786 2685 938 2750 dominus
963 2686 1004 2750 de
1030 2685 1158 2763 Talhot,
1177 2691 1269 2749 tenet
1294 2687 1474 2749 manerium
1501 2686 1542 2749 de
1570 2685 1797 2754 Osaswaaurrr

300 2792 358 2856 per
373 2773 545 2838 servicium
561 2773 748 2838 medietatis
758 2772 787 2857 j.
804 2774 827 2838 i.
844 2793 889 2839 m.
906 2773 946 2836 de
962 2773 1095 2837 domino
1111 2793 1186 2858 rege
1201 2773 1255 2839 ic.
1272 2773 1357 2859 quod
1375 2773 1460 2837 valet
1475 2780 1537 2838 etc.
1553 2794 1583 2838 x.
1594 2795 1691 2838 marc.

343 2920 509 2987 Johaunes
535 2919 656 2985 Stache
680 2921 720 2984 de
743 2919 857 2984 eodem
881 2919 1053 2996 comitatu,
1068 2921 1268 3006 genteimau,
1283 2926 1318 2984 et
1344 2919 1475 2983 Griffith
1503 2921 1602 2984 Hulie
1625 2921 1666 2983 de
1681 2920 1795 2984 eodem

300 3011 471 3087 comitatu,
484 3009 685 3091 gentelmau‚
696 3013 812 3073 tenent
827 3010 1011 3071 manerium
1025 3008 1067 3072 de
1077 3007 1337 3076 Wuovausuowa
1352 3027 1409 3090 per
1424 3008 1594 3070 servicium
1610 3007 1796 3071 medietatis

295 3097 323 3182 j.
341 3099 363 3164 f.
380 3118 424 3164 m.
440 3097 480 3160 de
494 3095 626 3160 domino
640 3116 717 3180 rege
732 3097 784 3160 io.
798 3095 884 3180 quod
899 3094 986 3160 valet
1000 3101 1063 3161 etc.
1080 3116 1108 3161 c.
1119 3117 1145 3160 r.

303 3299 306 3306 .
342 3247 481 3312 Thomas
511 3244 720 3334 Cheryugton
749 3247 791 3312 de
821 3245 1032 3332 Cheryngton
1061 3251 1097 3311 iu
1128 3249 1242 3312 eodem
1272 3249 1445 3326 comitatu,
1476 3247 1678 3332 geuteiman,
1706 3253 1798 3312 tenet

301 3335 482 3399 manerium
497 3335 537 3399 de
551 3335 775 3404 cusciacus
792 3355 847 3419 per
861 3335 1032 3400 servicium
1047 3343 1163 3420 quarte
1178 3338 1280 3420 partis
1294 3335 1319 3422 j.
1336 3334 1360 3400 f.
1377 3356 1421 3402 m.
1434 3335 1474 3398 do
1488 3334 1634 3419 predicto
1649 3333 1798 3400 iohanne

300 3421 515 3500 Mautrevers,
528 3423 616 3507 quod
631 3422 717 3487 valet
731 3427 793 3488 etc.
809 3422 851 3488 xl.
861 3445 887 3488 s.

347 3569 529 3636 Willelmus
558 3571 790 3657 Mayuvraryug
814 3579 849 3636 et
872 3573 1028 3650 Elisabet,
1054 3592 1134 3636 uxor
1162 3572 1247 3657 ejus,
1273 3578 1398 3652 teuent,
1415 3579 1451 3635 ut
1481 3573 1523 3635 de
1551 3572 1623 3658 jure
1653 3572 1798 3657 predicte

299 3657 458 3738 Eliaabct,
474 3660 654 3722 manerium
671 3659 713 3723 de
728 3659 900 3726 Ionsrauo
924 3681 981 3744 per
1004 3660 1176 3723 servicium
1202 3667 1315 3724 octave
1339 3661 1443 3742 partis
1462 3660 1490 3742 j.
1505 3657 1528 3724 f.
1546 3681 1590 3724 ιιι.
1608 3661 1649 3723 de
1664 3661 1798 3725 domiuo

300 3766 376 3829 rege
391 3747 446 3811 ic.
463 3746 549 3830 qaod
564 3745 652 3809 valet
666 3751 726 3810 eto.
743 3767 773 3812 x.
785 3749 819 3812 ii.

343 3896 527 3960 Willelmus
551 3894 673 3960 Oiudde
696 3896 736 3958 de
753 3895 978 3980 Wrokrrardyn
1003 3899 1038 3959 in
1062 3895 1178 3961 eodem
1204 3897 1375 3974 comitatu,
1390 3895 1591 3980 tranheieyn‚
1607 3902 1696 3961 tenet
1711 3903 1799 3961 certa

299 3987 647 4136 {stemaglettenementa
669 3983 704 4046 in
729 3983 888 4050 Esuasov
913 4003 971 4069 per
993 3985 1167 4049 servicium
1190 3984 1315 4047 decime
1341 3984 1443 4066 partis
1462 3982 1490 4067 j.
1506 3983 1529 4048 f.
1546 4003 1592 4050 ιιι.
1609 3984 1694 4069 quod
1710 3984 1798 4048 valet

344 4217 426 4283 Baro
441 4219 482 4283 de
496 4217 676 4303 Breystoke
695 4222 757 4300 (ie.
772 4217 967 4304 Greystokc)
984 4225 1079 4285 tonet
1094 4222 1236 4285 maneria
1259 4220 1300 4284 de
1316 4219 1454 4286 Warrrm
1477 4226 1512 4283 et
1535 4219 1718 4287 Hmssoaa
1740 4241 1799 4306 per

298 4307 468 4370 servicium
480 4307 507 4390 j.
524 4307 546 4374 i.
562 4327 607 4373 ιιι.
624 4307 664 4371 de
678 4307 811 4372 domino
827 4328 899 4392 rege
915 4309 966 4374 ic.
983 4329 1047 4394 que
1062 4308 1170 4372 valent
1185 4315 1248 4372 etc.
1266 4328 1316 4374 xx.
1328 4308 1363 4372 li.

341 4457 483 4522 Thomas
498 4457 613 4523 Corbet
628 4457 669 4522 de
685 4459 816 4523 Morton
831 4460 866 4522 in
882 4459 994 4522 eodem
1010 4461 1179 4538 comitatu,
1194 4460 1346 4544 armiger,
1362 4464 1395 4521 et
1421 4459 1596 4542 participes
1612 4460 1663 4522 sui
1685 4465 1800 4524 tenent

299 4547 481 4610 manerium
497 4545 537 4608 de
553 4545 717 4614 Waaasas
732 4545 845 4614 Uerus
861 4566 919 4630 per
933 4547 1107 4610 servicium
1121 4547 1146 4632 j.
1164 4547 1187 4610 f.
1204 4568 1249 4612 m.
1264 4545 1351 4629 quod
1366 4545 1453 4610 valet
1467 4553 1530 4610 etc.
1546 4546 1590 4610 xl.
1601 4565 1626 4611 s.

342 4693 482 4758 Thomas
499 4695 604 4779 Eytou
620 4696 660 4760 de
677 4695 880 4781 Wyidamore
905 4696 944 4760 de
968 4696 1082 4760 eodem
1107 4697 1277 4774 comitatu,
1299 4695 1498 4780 genteiman,
1510 4700 1603 4758 tenet
1616 4697 1799 4760 manerium

299 4781 610 4936 εὲἰθῗᾶξῖἑιιιχεὲιιιι
625 4782 835 4851 Wmusuoaa
859 4805 917 4866 per
944 4783 1114 4847 servicium
1137 4782 1162 4866 j.
1179 4784 1201 4848 i.
1217 4805 1262 4848 m.
1280 4782 1320 4844 de
1336 4782 1468 4845 baronia
1482 4781 1522 4845 de
1538 4781 1694 4862 Wemme,
1712 4784 1798 4869 quod

342 5017 483 5083 Thomas
507 5019 624 5085 corbet
646 5021 686 5084 de
713 5019 842 5085 Morton
866 5021 900 5084 in
924 5021 1036 5086 eodem
1063 5021 1233 5098 comitatu,
1250 5022 1401 5104 armiger,
1421 5024 1513 5082 tenet
1534 5024 1623 5083 certa
1645 5027 1747 5084 terras
1763 5028 1798 5085 et

298 5113 489 5277 mmm
503 5107 783 5258 iepedplmpssaum
806 5129 864 5193 per
888 5110 1059 5172 servicium
1084 5106 1270 5170 medietatis
1292 5107 1319 5190 j.
1336 5109 1358 5171 i.
1374 5127 1420 5171 m.
1446 5107 1487 5170 de
1512 5106 1627 5171 eadem
1652 5107 1797 5187 baronia,

341 5343 505 5408 Johaunes
520 5343 735 5425 Mautravers,
749 5345 900 5409 domiuus
915 5347 954 5410 de
970 5343 1136 5420 arundell,
1152 5342 1257 5420 miles,
1272 5349 1364 5408 tenet
1388 5345 1533 5408 maneria
1556 5346 1597 5408 de
1620 5344 1798 5412 Dalmatas

297 5437 331 5494 et
347 5431 569 5498 Tamassos
585 5451 642 5516 per
657 5434 830 5497 servicium
844 5432 869 5518 j.
886 5431 909 5498 f.
927 5453 973 5499 m.
990 5432 1031 5495 de
1046 5430 1159 5496 eadem
1175 5428 1319 5509 baronia,
1333 5452 1395 5514 que
1410 5431 1519 5496 valent
1534 5439 1597 5497 etc.
1614 5453 1678 5498 ιι.
