4117 6209
330 635 372 699 46
916 631 1265 703 NOR'PHAMP'I'ON.

378 922 427 987 De
441 921 566 987 Thomu
579 922 696 989 Stokes
709 945 767 1009 pro
782 925 854 989 xlm·
868 928 961 1009 perte
970 924 996 1007 j.
1013 925 1036 989 f.
1052 945 1097 990 m.
1110 924 1144 987 in
1160 924 1301 1001 Cossus,
1313 921 1476 1005 quondum
1491 920 1623 984 domine
1638 919 1679 983 de
1691 917 1834 998 Nouem,

337 1014 372 1073 et
386 1016 516 1075 tenetur
530 1010 570 1074 de
586 1011 681 1077 feodo
696 1012 737 1076 de
751 1012 900 1076 Ferariis.
946 1010 1065 1077 Nichil.

378 1147 428 1211 De
453 1146 601 1212 Johenue
626 1148 742 1213 Basset
765 1170 823 1233 pro
847 1150 941 1234 xvim·
956 1154 1050 1232 perte
1066 1150 1091 1235 j.
1109 1150 1132 1214 f.
1148 1170 1194 1214 m.
1212 1150 1245 1210 in
1261 1149 1477 1225 Russnnnrru,
1493 1146 1657 1231 quondum
1673 1142 1835 1207 Willclmi

336 1234 491 1314 Brabson,
507 1242 541 1299 et
556 1240 686 1300 tenetur
701 1238 742 1301 de
757 1239 877 1301 comite
892 1238 932 1299 de
949 1236 1089 1300 Ferariis
1103 1236 1144 1299 de
1159 1236 1278 1299 honore
1293 1234 1460 1298 Peverelli.

379 1372 427 1436 De
444 1372 465 1439 J
466 1373 590 1437 ohanne
606 1373 720 1437 Bedell
735 1378 770 1437 et
785 1372 911 1437 Thomu
927 1372 1018 1437 Saier
1033 1394 1091 1457 pro
1106 1378 1222 1459 quarta
1248 1380 1340 1456 parte
1358 1372 1385 1455 j.
1402 1373 1424 1437 f.
1440 1393 1485 1437 ιιι.
1501 1372 1537 1434 in
1552 1371 1722 1449 Rsuuous,
1739 1388 1836 1454 quam

334 1464 447 1523 tenent
470 1462 644 1544 separatim
670 1462 762 1546 equis
788 1462 1001 1545 porcionibus,
1025 1468 1123 1544 prout
1149 1466 1239 1543 putet
1264 1465 1339 1537 ete,
1361 1479 1425 1543 que
1452 1458 1616 1542 quondam
1643 1458 1708 1521 fuit
1723 1455 1836 1522 Jecobi

335 1545 489 1626 candele,
505 1554 539 1611 et
554 1552 686 1612 tenetur
700 1549 741 1613 de
756 1550 876 1613 bonore
892 1549 1105 1613 Gloucestrie.
1151 1546 1272 1612 Nichil.

379 1679 428 1744 De
450 1681 584 1745 domina
607 1680 792 1765 Mergarcta
815 1681 958 1747 Trussell
981 1701 1040 1765 pro
1064 1689 1179 1766 quarta
1204 1686 1295 1763 parte
1306 1680 1333 1764 j.
1349 1681 1371 1746 f.
1388 1702 1432 1746 m.
1448 1680 1484 1742 iu
1500 1680 1613 1746 Esrou
1629 1684 1661 1743 et
1678 1679 1836 1757 Assum,

335 1767 499 1851 quondam
515 1769 671 1834 Johunnis
687 1770 717 1832 le
732 1769 829 1849 Wolf,
846 1775 880 1833 et
895 1773 1027 1833 tenetur
1041 1769 1083 1832 de
1098 1768 1190 1831 feodo
1206 1768 1338 1831 Maudit
1442 1808 1452 1818 -
1543 1807 1554 1817 ·
1644 1808 1654 1817 -
1742 1786 1794 1829 xx.
1803 1767 1836 1830 d.

379 1905 427 1969 De
451 1903 583 1969 Simone
608 1905 791 1992 Felbrigge‚
816 1907 936 1984 milite,
965 1906 1132 1974 Wilielmo
1160 1906 1285 1984 Drueil,
1316 1903 1465 1973 Johanne
1495 1904 1620 1982 Druell,
1648 1909 1682 1968 et
1710 1899 1836 1965 Thomu

335 1990 460 2073 Druell,
490 2013 548 2076 pro
577 1993 623 2059 di.
654 1993 676 2058 s.
707 2016 752 2060 m.
783 1995 818 2057 iu
857 1995 1032 2072 Nsuurou,
1061 1995 1226 2079 quondam
1256 1994 1414 2060 Johannis
1449 1992 1574 2068 Druell,
1603 1990 1691 2075 quod
1719 1995 1837 2054 tenent

334 2082 509 2229 spprplrptim
523 2082 614 2164 equis
628 2082 843 2164 porcionibus,
858 2088 954 2164 prout
969 2089 1062 2165 patet
1076 2088 1137 2147 etc.
1153 2086 1188 2145 et
1205 2086 1333 2145 tenetur
1347 2081 1389 2144 de
1403 2079 1496 2144 feodo
1519 2080 1676 2146 Johannis
1698 2077 1837 2141 Bidoun.

369 2188 400 2229 rc
423 2188 459 2233 1.

380 2303 430 2367 De
445 2302 576 2368 Simone
592 2303 776 2389 Felbrigge,
790 2303 909 2381 milite,
923 2324 980 2387 pro
994 2304 1040 2369 di.
1057 2305 1081 2367 f.
1096 2305 1131 2367 in
1146 2306 1348 2370 Rrucsrsurr
1372 2310 1407 2367 et
1434 2304 1644 2378 Summanu,
1669 2300 1834 2385 quondum

338 2390 503 2475 Rudulpbi
517 2390 734 2459 Weldessheff
745 2395 780 2455 et
795 2390 816 2455 J
817 2390 956 2455 ohannis
972 2391 1093 2473 Broun,
1109 2398 1145 2455 et
1159 2397 1290 2456 tenetur
1304 2392 1345 2454 de
1361 2392 1482 2454 comite
1495 2392 1537 2454 de
1550 2390 1716 2561 Fornirri'jis&
1732 2475 1793 2560 iiij·
1803 2476 1835 2539 d·

380 2615 428 2679 De
457 2616 601 2684 Waltero
630 2616 897 2701 Mouutegomery
928 2636 986 2699 pro
1010 2615 1039 2699 j.
1063 2616 1087 2682 f.
1116 2621 1152 2679 et
1180 2617 1226 2679 di.
1255 2618 1290 2679 in
1322 2616 1473 2695 Esnrou,
1504 2614 1668 2699 quondum
1699 2612 1835 2680 Walteri

337 2704 607 2789 Mountegomery
652 2742 1677 2754 -----------
1765 2722 1833 2764 me.

380 2842 429 2905 De
444 2841 465 2906 J
466 2842 591 2905 ohanne
606 2840 735 2919 Fouler,
749 2840 885 2904 Ricardo
900 2839 1091 2924 Sebetysby,
1107 2846 1140 2904 ct
1155 2840 1321 2908 Willelmo
1336 2840 1483 2904 Muscote
1497 2860 1555 2923 pro
1569 2838 1614 2901 di.
1630 2839 1652 2901 f.
1668 2838 1703 2900 iu
1718 2836 1835 2902 Emori

336 2929 494 3013 predicta,
510 2928 676 3015 quondam
692 2929 773 2993 dicti
789 2927 937 3005 walteri,
951 2932 985 2991 et
999 2933 1132 2991 tenetur
1146 2934 1186 2991 ut
1200 2948 1307 3011 supra,
1324 2928 1410 3012 quod
1424 2932 1539 2991 tenent
1554 2926 1729 3010 separatim
1743 2925 1837 3007 equis

337 3016 554 3101 porcionibus,
568 3020 666 3101 prout
681 3020 745 3082 etc.
790 3013 914 3083 Nichil.

890 3150 1025 3215 Summa
1040 3151 1175 3217 subsidii
1184 3152 1260 3217 z-l.
1271 3174 1296 3216 s.

764 3392 985 3458 Huuuusuuu
1009 3413 1052 3457 ou
1075 3388 1424 3478 WILLIBR[EGG].

379 3555 426 3620 De
446 3556 475 3639 j.
493 3557 513 3621 f.
528 3558 563 3619 in
588 3556 790 3622 buoruorou
818 3576 922 3639 nuper
945 3555 1073 3619 domini
1098 3556 1139 3619 de
1166 3554 1240 3619 Fitz
1267 3556 1419 3641 Hugonis
1444 3560 1478 3619 et
1508 3554 1670 3639 quondam
1701 3552 1835 3636 Georgii

336 3641 472 3727 Oolvyll.
517 3643 637 3721 Nichil,
662 3645 739 3727 quia
763 3646 799 3706 in
824 3663 926 3706 mauu
951 3643 1038 3727 regis
1061 3650 1096 3708 et
1121 3663 1311 3726 responsum
1337 3650 1385 3707 est
1401 3643 1471 3727 regi
1486 3642 1526 3707 de
1541 3641 1654 3705 eodem
1669 3640 1765 3704 feodo
1780 3659 1836 3721 per

335 3736 530 3795 escaetorem
546 3732 674 3793 comitis
688 3730 828 3814 predicti
842 3731 882 3794 de
896 3750 983 3794 suno
997 3730 1055 3813 vj⁸⁰
1075 3732 1161 3811 regis
1175 3750 1271 3795 nunc.

378 3865 427 3928 De
453 3864 625 3929 heredibus
648 3864 742 3928 ducis
767 3864 902 3928 Eboraci
927 3885 985 3948 pro
1003 3864 1031 3947 j.
1046 3865 1069 3930 f.
1093 3867 1129 3929 in
1158 3867 1396 3944 Fonuuruonr,
1409 3863 1574 3947 quondam
1602 3863 1765 3927 comitisse
1795 3862 1836 3924 de

335 3950 495 4015 Pembrok
512 3990 1536 4003 -----------
1625 3951 1669 4033 vj.
1679 3972 1706 4015 r.
1722 3948 1792 4033 viij.
1803 3950 1835 4016 d.

377 4089 428 4154 De
453 4092 566 4171 quartu
592 4050 683 4171 perid
706 4086 730 4173 j.
746 4088 769 4150 f.
785 4109 829 4153 m.
846 4090 881 4150 in
899 4088 1063 4168 Trusoun,
1078 4090 1241 4175 quondam
1256 4088 1416 4153 Jobsnnis
1431 4088 1577 4172 Camoys.
1624 4086 1744 4167 Nichil,
1760 4088 1836 4171 quia

333 4177 368 4240 in
382 4195 483 4239 manu
497 4176 594 4260 regis,
609 4194 665 4259 per
679 4178 817 4239 mortem
833 4178 976 4239 tenentis
991 4176 1140 4260 ejusdem
1156 4177 1315 4241 Johannis
1337 4173 1523 4262 [roncelini]
1544 4216 1553 4225 -
1644 4216 1654 4225 -
1743 4195 1794 4237 xx.
1804 4176 1835 4238 d.

377 4314 425 4378 De
442 4312 579 4378 Ricurdo
594 4312 676 4376 Holt
690 4333 747 4396 pro
762 4311 835 4396 iiijt·
856 4318 947 4397 parte
963 4312 1111 4397 ejusdem
1126 4314 1161 4393 f,
1174 4315 1336 4398 quondam
1351 4311 1510 4377 Johennis
1526 4312 1653 4376 Gifferd
1741 4333 1793 4377 xx.
1803 4314 1834 4375 d.

376 4449 425 4515 De
440 4450 590 4515 Johsnue
606 4448 805 4533 Knevetpro
820 4449 865 4516 di.
883 4450 906 4515 f.
923 4472 967 4516 m.
984 4451 1018 4512 in
1040 4451 1214 4530 Suruwrs,
1230 4450 1392 4535 quondam
1408 4449 1540 4513 Ricardi
1555 4448 1685 4550 Knevpt
1813 4537 1823 4599 l

1628 4557 1833 4621 11J.c.n1J.‹.

377 4674 425 4739 De
440 4674 613 4740 heredibus
629 4674 790 4738 Mutilldis
806 4673 945 4738 Stufford
960 4696 1018 4759 pro
1034 4676 1079 4740 di.
1095 4675 1170 4740 f.in
1188 4677 1385 4744 Currruouu
1432 4717 1442 4727 -
1532 4716 1542 4726 -
1631 4675 1714 4761 iiic.
1730 4675 1835 4761 iiij.d.

376 4813 425 4877 De
440 4814 604 4897 preposito
617 4818 648 4877 et
666 4812 834 4897 capellano
848 4812 888 4878 de
905 4812 1126 4895 Cotherstoke,
1142 4816 1259 4900 prodi.
1276 4815 1299 4880 f.
1315 4816 1350 4878 in
1367 4816 1606 4881 commemorns
1631 4899 1782 4915 ·······
1815 4900 1825 4961 1

1627 4920 1680 4985 ¹¹]-
1691 4922 1716 4964 ι.
1732 4922 1835 4986 urps.

378 5038 425 5102 De
449 5038 569 5102 comite
594 5035 709 5103 Serum
735 5060 793 5122 pro
816 5040 917 5104 tercie
942 5046 1034 5125 perte
1057 5040 1082 5126 j.
1098 5040 1121 5105 f.
1138 5062 1182 5106 ιιι.
1208 5042 1243 5103 iu
1270 5040 1394 5118 Eerou,
1419 5038 1584 5122 quondam
1607 5039 1771 5102 comitisse
1794 5037 1834 5100 de

335 5125 459 5189 Kancie
1655 5126 1691 5211 ij.
1702 5147 1726 5190 c.
1743 5125 1833 5211 iij.d.

375 5263 424 5328 Dc
439 5261 604 5333 Willelmo
618 5262 733 5327 Porter
746 5282 804 5347 pro
816 5264 861 5330 di.
877 5264 900 5330 f.
916 5286 960 5331 ιιι.
976 5266 1012 5328 in
1029 5265 1261 5343 Gonrwusrou,
1275 5262 1438 5348 quondum
1454 5261 1475 5326 J
1476 5262 1610 5326 ohannis
1622 5258 1780 5366 biothom·

1624 5370 1676 5434 ιι).
1687 5370 1713 5414 s.
1729 5348 1834 5433 rupd.

875 5438 1011 5503 Summa
1021 5459 1150 5507 2-1xv.
1161 5462 1186 5504 c.
1202 5438 1257 5525 vij.
1268 5439 1299 5502 d.
1785 5489 1790 5497 .
