4117 6209
904 715 986 780 A.D.
1014 717 1110 778 1428.
1695 709 1755 772 197

294 1003 458 1067 Johannes
486 1005 605 1091 Seyton
632 1011 725 1070 tenet
750 1009 840 1070 certa
863 1009 965 1069 terras
992 1009 1026 1068 et
1053 1006 1242 1066 tenementa
1268 1003 1302 1064 ia
1327 1000 1532 1066 Bnanroaan
1559 999 1694 1066 Ouarsa
1718 1000 1754 1059 et

252 1091 433 1157 Bnaasoan
451 1091 568 1161 Sauorr
584 1093 773 1161 Mronareurs
787 1114 844 1177 per
858 1094 1030 1157 servicium
1045 1090 1122 1177 iiijs
1141 1091 1243 1174 partis
1257 1089 1281 1156 f.
1297 1111 1343 1155 m.

295 1237 479 1303 Willelmus
503 1240 627 1304 Rasshe
652 1244 747 1304 tenet
772 1239 964 1303 immediate
987 1242 1048 1303 etc.
1065 1243 1151 1301 certa
1177 1242 1279 1300 terras
1305 1241 1340 1299 et
1354 1238 1544 1299 tenemento
1558 1235 1593 1296 ia
1611 1233 1753 1298 Nnrnan

252 1326 376 1404 Oaros,
393 1346 454 1410 que
468 1347 571 1412 nuper
585 1329 718 1392 fuerant
733 1327 889 1396 Willelmi
905 1326 993 1412 Pege
1010 1346 1068 1409 per
1084 1326 1255 1388 servicium
1270 1325 1315 1388 di.
1328 1323 1352 1389 f.
1369 1344 1415 1388 m.

295 1471 455 1535 Robertus
471 1471 626 1536 Crantord
642 1476 733 1537 tenet
749 1473 940 1538 immediate
956 1477 1019 1538 eto.
1036 1476 1127 1535 certa
1141 1476 1243 1535 terras
1258 1475 1292 1534 et
1308 1473 1496 1534 tenementa
1510 1469 1545 1531 ia
1562 1468 1750 1534 Nawsrvrors

254 1579 309 1642 per
323 1559 496 1624 servicium
512 1560 535 1639 i.
551 1560 575 1626 f.
592 1582 638 1627 m.

295 1694 460 1761 Johaanes
490 1695 606 1761 Stokes
636 1701 733 1760 tenet
762 1703 852 1760 certa
882 1703 984 1761 terras
1013 1702 1048 1760 et
1084 1701 1275 1760 tenementa
1310 1697 1345 1758 ia
1383 1695 1573 1760 Nnvvsurorv
1609 1694 1754 1778 predicta

253 1782 442 1936 ippnpeplpate
468 1790 531 1850 etc.
549 1804 611 1870 que
637 1804 740 1868 nuper
764 1785 897 1848 luerunt
921 1783 1082 1849 Johannis
1106 1783 1232 1847 Giffard
1257 1783 1299 1847 de
1322 1781 1472 1865 Twylord
1496 1801 1554 1864 per
1578 1781 1752 1844 servicium

296 2006 404 2071 Abbas
434 2008 475 2071 de
491 2007 597 2092 Osaey
623 2013 715 2072 tenet
741 2013 828 2072 certa
859 2015 957 2072 terras
986 2013 1020 2072 et
1049 2011 1238 2071 tenementa
1268 2007 1303 2069 in
1335 2005 1444 2071 Prusa
1471 2006 1547 2070 Tus
1571 2006 1606 2067 in
1636 2023 1752 2087 puram

255 2093 464 2159 elemosinam
479 2097 681 2159 continentia
696 2095 720 2181 j.
737 2097 760 2162 f.
777 2117 823 2163 m.
840 2096 926 2160 unde
942 2095 1040 2160 solvit
1053 2094 1205 2161 decimas.

298 2240 397 2306 Nulle
410 2241 476 2305 alie
490 2262 624 2326 persone
640 2243 707 2306 sive
722 2245 874 2308 tenentes
890 2247 953 2309 etc.
973 2248 1019 2322 (es
1037 2245 1164 2322 before).

769 2618 988 2684 Huunnnuuu
1014 2639 1058 2684 aa
1081 2617 1253 2685 ΤΗΑΜΕ.

299 2776 478 2862 laquiricio
502 2781 596 2860 capta
620 2777 707 2860 apud
730 2775 853 2841 Tharne
877 2779 1033 2842 vicesimo
1062 2777 1206 2841 secundo
1235 2778 1291 2841 die
1319 2778 1401 2840 Maii
1431 2797 1517 2842 aaao
1545 2781 1638 2862 regni
1668 2779 1756 2864 regis

257 2864 498 3018 geeppppliepplpg
512 2869 594 3016 ptpst
621 2869 834 2950 conquestum
855 2871 957 2949 sexto,
972 2885 1080 2930 coram
1096 2864 1236 2929 Ricardc
1252 2866 1395 2950 Pippard
1411 2871 1474 2931 etc,
1494 2873 1542 2944 (ee
1558 2868 1686 2950 before),
1700 2887 1756 2950 per

230 3209 233 3218 ,
300 3141 420 3206 Omnes
435 3161 570 3225 persone
586 3142 620 3204 in
636 3140 700 3204 ista
714 3142 928 3226 inquisicions
943 3142 1112 3205 nominate
1127 3146 1190 3209 etc.
1211 3145 1257 3222 (aa
1274 3143 1400 3225 dejure).

301 3289 409 3354 Abbas
433 3289 474 3354 de
497 3289 620 3352 Tharne
646 3293 739 3353 tenet
762 3286 955 3350 immediate
981 3287 1022 3350 de
1050 3287 1201 3370 episcopo
1226 3286 1451 3350 Lincolniensi
1477 3292 1566 3352 certa
1595 3295 1696 3354 terras
1722 3295 1757 3354 et

258 3381 448 3442 tenementa
478 3378 512 3439 in
545 3377 795 3454 Tarnrswoara,
826 3375 1002 3452 Moanrou,
1035 3383 1070 3437 et
1099 3376 1288 3455 Arrvvuorv,
1319 3375 1353 3437 ia
1390 3395 1505 3460 puram
1534 3375 1758 3457 elemosinam,

260 3464 385 3529 seilicet
401 3465 438 3552 ij.
455 3464 478 3531 f.
495 3485 541 3530 m.
559 3484 616 3548 pro
632 3463 749 3549 quibus
764 3461 860 3526 solvit
876 3462 1026 3526 decimas.

303 3601 466 3666 walterus
493 3601 612 3666 Cotton
638 3606 727 3664 tenet
753 3600 944 3664 immediate
968 3604 1029 3663 eto.
1046 3599 1086 3662 de
1108 3601 1260 3683 episcopo
1275 3599 1496 3663 Lincolniensi
1509 3606 1598 3665 certa
1612 3605 1711 3666 terras
1725 3608 1760 3668 et

260 3688 766 3861 pppceirpppptrpipafTtplrnrsvvonrn,
782 3709 845 3771 que
871 3706 975 3770 nuper
999 3685 1131 3751 luerunt
1156 3685 1316 3751 Johannis
1340 3687 1481 3751 Danvers
1505 3709 1561 3772 per
1583 3691 1757 3754 servicium

303 3914 397 3978 Idem
412 3913 576 3977 Walterus
591 3917 680 3976 tenet
694 3911 885 3975 immediate
899 3913 961 3976 etc.
977 3916 1067 3976 certa
1081 3918 1184 3975 terras
1199 3915 1234 3974 et
1249 3917 1437 3977 tenementa
1458 3913 1494 3976 in
1520 3914 1759 3983 Tarnrswoarn

260 4002 415 4086 predicta,
430 4021 495 4086 que
510 4021 612 4086 nuper
625 4000 762 4064 fueruat
776 3998 935 4064 Johannis
949 3998 1129 4063 Whitefeld
1143 4020 1202 4083 per
1217 4001 1390 4064 servicium
1405 4002 1506 4065 tercie
1521 4004 1624 4084 partis
1638 4003 1662 4068 f.
1679 4025 1724 4069 m.

303 4147 538 4214 Prebendarius
552 4146 685 4209 ecclesie
701 4144 742 4208 de
757 4145 880 4209 Thame
897 4151 989 4208 tenet
1003 4145 1193 4210 immediate
1208 4147 1247 4211 de
1262 4148 1412 4233 episcopo
1428 4146 1649 4214 Lincolniensi
1670 4157 1760 4216 certa

262 4239 361 4300 terras
375 4242 409 4300 et
423 4239 613 4298 tenementa
628 4236 662 4296 in
679 4233 918 4299 annrswoarn
934 4233 1081 4316 predicto
1095 4235 1131 4297 in
1147 4234 1229 4296 laico
1243 4235 1350 4313 feodo,
1364 4240 1475 4298 tamea
1491 4237 1589 4302 solvit
1604 4238 1758 4320 decimas,

261 4343 317 4407 per
331 4323 503 4387 servicium
520 4322 618 4386 tercie
633 4321 734 4403 partis
749 4319 771 4386 f.
790 4341 833 4385 m.

303 4468 445 4536 Jacobus
469 4467 497 4530 F
497 4487 575 4551 says
599 4471 693 4531 tenet
718 4465 909 4530 immediate
933 4467 972 4530 de
989 4468 1141 4550 episcopo
1157 4468 1382 4532 lincolniensi
1408 4474 1467 4534 etc.
1485 4478 1574 4534 certa
1598 4475 1701 4536 terras
1727 4486 1762 4538 et

260 4563 447 4623 tenementa
461 4556 494 4618 ia
511 4557 649 4633 Aenona,
666 4575 729 4637 que
745 4553 878 4617 fuerunt
892 4554 960 4616 Ade
977 4553 1147 4618 Sharshull
1162 4576 1220 4638 per
1235 4557 1406 4620 servicium
1416 4557 1444 4640 j.
1462 4557 1486 4622 f.
1502 4579 1547 4624 m.

305 4703 460 4768 Ricardus
475 4702 685 4784 Catermayns
700 4705 792 4764 tenet
807 4701 998 4764 immediate
1013 4703 1054 4764 de
1071 4703 1222 4785 episcopo
1238 4702 1461 4767 Lincolniensi
1475 4712 1537 4771 etc.
1554 4712 1643 4771 certa
1658 4712 1761 4773 terras

262 4797 296 4892 et
303 4797 500 4943 legemem
513 4791 548 4853 ia
564 4790 707 4856 Wnsrou
724 4795 757 4851 et
774 4789 912 4866 Ascora,
924 4809 987 4874 que
1003 4791 1137 4852 fueruat
1151 4790 1273 4854 Thome
1290 4791 1499 4875 Catermayas
1515 4815 1573 4878 per
1587 4798 1759 4861 servicium

260 4899 285 4964 J.
316 4927 324 4942 .
378 4927 385 4944 .

306 5017 455 5082 Heredes
477 5014 601 5078 Thome
626 5011 763 5096 Camoys
786 5017 904 5076 tenent
931 5015 1122 5077 immediate
1138 5014 1177 5078 de
1193 5015 1583 5098 episeopoLiacolniensi
1598 5024 1660 5084 etc.
1677 5026 1765 5085 certa

261 5109 362 5169 terras
377 5110 414 5205 et
427 5102 665 5254 tenemeptpnin
681 5101 816 5166 Mr'nrorv
829 5100 950 5166 Msorvs
962 5106 997 5164 et
1013 5102 1205 5184 Parvaque
1220 5123 1326 5185 nuper
1340 5103 1474 5167 fueruat
1487 5103 1610 5169 Thome
1626 5107 1762 5192 Camoys

261 5211 317 5276 per
332 5210 506 5258 servicium
520 5209 544 5274 J.
576 5239 584 5256 .
640 5236 647 5253 .

304 5329 539 5396 Prebendarius
554 5328 593 5392 de
608 5327 729 5390 Milton
755 5325 902 5409 predicta
917 5329 1008 5388 tenet
1023 5326 1216 5391 immediate
1231 5334 1292 5394 etc.
1310 5333 1397 5394 certa
1411 5335 1511 5392 terras
1526 5335 1558 5394 et
1574 5332 1762 5392 tenemeata

261 5417 468 5590 pgppiisucppp
482 5415 704 5570 Ipipnoolniensi
718 5413 752 5476 iu
769 5412 882 5476 eadem
897 5412 1033 5480 Mrrnorv
1048 5415 1084 5477 ia
1109 5414 1191 5478 laico
1217 5415 1322 5493 feodo,
1347 5423 1382 5480 et
1408 5415 1505 5480 solvit
1527 5417 1680 5493 decimas,
1703 5433 1761 5497 per
