4117 6209
309 637 370 700 196
543 595 549 606 ’
958 634 1149 702 oxFoRD.

351 924 508 990 Tenentes
525 929 680 988 terrarum
695 931 729 990 et
744 929 1008 990 tenementorum
1023 946 1127 1010 nuper
1142 924 1266 990 Thome
1282 925 1394 989 Trivet
1408 928 1526 989 tenent
1541 929 1628 988 certa
1651 927 1753 988 terras
1776 929 1809 988 et

307 1017 495 1076 tenemento
508 1015 543 1075 in
559 1013 677 1079 Nouru
692 1014 801 1078 Asrorv
818 1034 876 1096 per
892 1015 1066 1078 servicium
1078 1013 1105 1098 j.
1122 1012 1146 1078 f.
1163 1034 1208 1079 m.
1224 1020 1336 1098 preter
1351 1014 1501 1096 quintam
1516 1017 1656 1096 partem.

351 1151 510 1212 Tenentes
525 1155 684 1214 terrarum
700 1171 805 1234 nuper
820 1151 840 1214 J
842 1150 979 1214 ohannis
994 1153 1036 1214 de
1052 1150 1160 1233 Lyons
1182 1148 1326 1237 [tenent]
1344 1156 1432 1214 certa
1447 1158 1548 1213 terras
1564 1155 1599 1212 et
1620 1153 1810 1213 tenemento

307 1239 342 1301 in
357 1238 556 1316 Durvsruvur,
573 1257 636 1320 que
652 1259 756 1322 nuper
770 1237 903 1302 fuerunt
918 1237 1077 1302 Johannis
1092 1239 1132 1302 de
1147 1238 1265 1322 Lyons‚
1279 1259 1337 1321 per
1352 1239 1523 1314 servicium
1538 1237 1563 1322 j.
1580 1238 1603 1300 f.
1619 1257 1664 1302 m.

351 1373 513 1438 Tenentes
528 1379 687 1438 terrarum
703 1381 737 1438 et
752 1380 1014 1439 tenementorum
1030 1396 1134 1458 nuper
1149 1374 1315 1458 Raduiphi
1333 1376 1447 1459 Runcy
1463 1379 1577 1438 tenent
1604 1380 1691 1439 certa
1705 1380 1808 1436 terras

306 1467 341 1525 et
370 1467 559 1526 tenementc
587 1465 622 1524 iu
653 1463 842 1528 Durvsruvvu
873 1464 1034 1546 predicta,
1064 1484 1126 1546 que
1155 1483 1256 1545 nuper
1286 1462 1417 1525 fuerunt
1445 1461 1567 1525 Thome
1595 1461 1721 1546 Runoy,
1750 1482 1807 1546 per

308 1549 478 1613 servicium
494 1555 607 1632 quarte
622 1552 724 1633 partis
740 1550 763 1613 f.
780 1571 826 1617 m.

350 1685 519 1750 Elisabeth
537 1687 756 1771 Wyllynscote
772 1692 865 1753 tenet
878 1689 912 1751 in
929 1688 1040 1752 dotem
1056 1693 1144 1752 certa
1159 1692 1261 1752 terras
1275 1693 1307 1752 et
1323 1693 1514 1752 tenemento
1535 1689 1571 1751 in
1592 1687 1805 1766 (isernoros,

307 1795 370 1858 que
384 1794 487 1858 nuper
501 1775 633 1839 fuerunt
649 1775 808 1839 Willelmi
824 1775 1025 1841 Willonscot.

357 1909 566 1999 [Johannes],
582 1913 732 1976 dominus
748 1913 789 1975 de
806 1912 974 1991 Arundell,
991 1918 1084 1977 tenet
1099 1920 1189 1978 certa
1203 1917 1305 1977 terras
1318 1917 1352 1975 et
1367 1917 1557 1975 tenemento
1567 1913 1601 1975 in
1619 1913 1806 1990 Tamum,

307 2020 369 2083 que
385 1998 636 2084 superfuerunt
652 2000 786 2064 Walteri
801 1999 933 2078 Pevere‚
948 2021 1004 2084 per
1019 2002 1192 2064 servicium
1207 2001 1251 2064 di.
1264 2001 1287 2065 f.
1300 2021 1345 2064 m.
1359 2006 1410 2063 set
1422 2004 1472 2062 est
1487 1999 1573 2062 inira
1587 2005 1721 2079 etatem,
1734 2000 1806 2063 ideo

308 2087 459 2150 dominus
473 2106 529 2149 rex
544 2086 641 2152 habet
657 2089 838 2151 custodiam
853 2087 924 2174 ejus
939 2108 1012 2151 cum
1028 2089 1170 2152 exitibus
1185 2095 1344 2152 terrarum
1360 2087 1504 2170 proxime
1519 2087 1748 2170 predictarum.

351 2229 512 2294 Tenentes
526 2236 683 2294 terrarum
701 2237 736 2294 et
750 2235 1015 2295 tenementorum
1031 2253 1135 2316 nuper
1150 2231 1309 2316 Stephani
1321 2231 1361 2294 de
1374 2231 1461 2296 Ovill
1475 2236 1590 2295 tenent
1604 2235 1693 2295 certe
1704 2235 1806 2294 terras

306 2322 342 2380 et
356 2322 545 2382 tenementa
560 2320 593 2381 iu
611 2319 763 2385 Tsvucuv
776 2318 844 2398 (aio)
862 2319 1011 2404 predicta
1025 2341 1084 2404 per
1099 2321 1272 2384 servicium
1288 2319 1333 2384 di.
1351 2319 1373 2384 f.
1389 2339 1436 2384 m.

350 2462 517 2530 Johannes
532 2463 661 2548 Oheyne
676 2471 769 2531 tenet
784 2471 873 2531 certa
887 2472 989 2532 terras
1005 2471 1039 2530 et
1056 2473 1244 2531 tenemento
1257 2467 1293 2528 in
1311 2467 1534 2534 Sruernasron
1548 2486 1588 2529 ex
1613 2464 1684 2552 jure
1698 2467 1806 2530 uxoris

308 2572 375 2632 sue,
392 2573 454 2636 que
469 2573 572 2636 nuper
587 2552 722 2618 fuerunt
736 2554 859 2618 Thome
874 2555 1066 2639 Abberbury
1079 2575 1137 2639 per
1152 2556 1325 2618 servicium
1336 2553 1363 2638 j.
1380 2554 1403 2620 f.
1420 2575 1465 2620 m.

350 2699 513 2761 Tenentes
528 2704 685 2762 terrarum
699 2720 803 2784 nuper
818 2699 942 2764 Thome
959 2700 1139 2784 Aylesbury
1156 2705 1248 2764 tenet
1263 2704 1353 2764 certa
1372 2703 1475 2763 terras
1501 2704 1535 2763 et
1560 2661 1751 2763 tenementa·
1769 2699 1802 2759 in

306 2785 524 2956 ffiffinff'
553 2807 615 2871 que
652 2807 756 2870 nuper
791 2788 923 2852 fuerunt
952 2788 1088 2852 Walteri
1119 2789 1159 2851 de
1190 2787 1369 2872 Aylesbury
1397 2807 1455 2870 per
1486 2788 1657 2851 servicium
1693 2789 1802 2870 quarte

349 3010 512 3074 Tenentes
528 3015 684 3076 terrarum
700 3019 733 3076 et
749 3018 1007 3077 tenementorum
1023 3033 1128 3096 nuper
1142 3012 1164 3076 J
1166 3014 1302 3076 ohannis
1320 3011 1429 3076 Feliot
1453 3016 1570 3076 tenent
1593 3017 1683 3076 certa
1707 3016 1807 3074 terras

306 3103 341 3161 et
366 3104 552 3162 tenementa
577 3101 611 3163 in
636 3101 853 3178 Rounusurrr,
869 3101 1004 3166 Burrorr
1021 3102 1129 3179 Reos,
1145 3107 1180 3163 et
1195 3101 1354 3166 Bruvvnnn
1372 3103 1498 3178 (rectius
1513 3100 1726 3178 herevuns),
1741 3117 1804 3181 que

307 3205 410 3268 nuper
426 3186 558 3250 inerunt
573 3186 732 3251 Willelmi
749 3188 876 3252 Feliote
892 3209 948 3272 per
963 3189 1135 3252 servicium
1151 3188 1187 3275 ij.
1205 3187 1228 3250 f.
1244 3209 1288 3254 m.

349 3320 491 3388 Thomas
517 3323 659 3410 Saynjon
684 3331 776 3389 tenet
801 3326 992 3390 immediate
1016 3330 1079 3389 eto.
1109 3330 1199 3389 certa
1222 3332 1326 3390 terras
1352 3330 1387 3389 et
1411 3328 1600 3389 tenementa
1624 3325 1658 3386 in
1684 3323 1805 3388 Maesa

307 3410 455 3564 Ι1311111111,
471 3433 532 3498 que
546 3433 650 3496 nuper
665 3413 798 3478 fuerunt
814 3412 835 3477 J
837 3413 974 3478 ohannis
989 3413 1031 3478 de
1048 3413 1167 3477 Sancto
1182 3413 1332 3478 Johanne
1348 3433 1406 3498 per
1419 3411 1590 3476 servicium
1606 3409 1643 3495 ij.
1658 3412 1803 3492 partium

300 3525 330 3588 J·
364 3542 371 3561 ι
426 3549 433 3565 ι

349 3634 500 3715 Thomas,
516 3656 624 3699 comes
640 3635 766 3714 Sarum,
781 3641 874 3701 tenet
890 3642 952 3703 etc.
969 3643 1058 3701 certa
1072 3644 1176 3702 terres
1190 3644 1225 3701 et
1241 3641 1430 3703 tenemento
1444 3637 1479 3699 in
1496 3635 1720 3711 Kuusrnurou,
1741 3653 1804 3718 que

305 3743 409 3807 nuper
425 3724 557 3787 fuerunt
574 3724 732 3794 Willelmi
748 3726 788 3788 de
803 3725 917 3790 Monte
933 3727 1050 3806 Acuto,
1066 3747 1122 3810 per
1137 3727 1310 3790 servicium
1326 3727 1371 3792 di.
1388 3725 1411 3789 f.
1426 3745 1471 3791 m.

349 3869 489 3934 Thomas
505 3869 636 3953 Chayne
653 3877 745 3936 tenet
760 3873 953 3938 immediate
970 3880 1033 3938 etc.
1049 3880 1138 3939 certa
1152 3879 1253 3937 terras
1269 3877 1304 3937 et
1319 3875 1507 3935 tenementa
1533 3872 1567 3933 in
1593 3870 1804 3934 Kcusruorou

305 3959 462 4044 predicta,
478 3979 540 4044 que
554 3979 658 4043 nuper
673 3960 808 4024 fuerunt
824 3961 984 4026 Willelmi
999 3963 1165 4042 Meledon,
1182 3982 1240 4044 per
1254 3959 1428 4023 servicium
1443 3959 1488 4021 di.
1504 3957 1526 4019 f.
1543 3977 1588 4021 m.

349 4106 370 4170 J
371 4105 513 4170 ohannes
528 4106 650 4171 Berton
665 4112 758 4172 tenet
774 4109 965 4173 immediate
980 4115 1039 4173 etc.
1055 4113 1142 4172 certa
1157 4113 1258 4171 terras
1274 4112 1308 4169 et
1322 4110 1513 4169 tenementa
1527 4103 1562 4164 in
1574 4103 1733 4177 Wourorv‚
1743 4121 1808 4185 que

305 4212 407 4278 nuper
421 4195 551 4258 fuerunt
566 4193 727 4260 Johannis
742 4195 782 4260 de
798 4196 856 4276 Oo,
869 4218 927 4280 per
942 4198 1115 4262 servicium
1130 4196 1176 4261 di.
1193 4196 1217 4259 f.
1233 4214 1278 4260 m.

349 4340 521 4404 Abbatissa
536 4341 575 4405 de
593 4341 786 4407 Godestove
802 4349 897 4408 tenet
912 4349 999 4408 certa
1014 4348 1115 4405 terras
1131 4345 1166 4404 et
1180 4342 1372 4403 tenemento
1385 4339 1421 4400 in
1433 4337 1646 4403 Ksnsmcrorv
1662 4333 1808 4418 predicta

305 4433 340 4493 et
356 4429 470 4496 'Panos
485 4431 687 4494 continentia
698 4429 725 4513 j.
742 4431 765 4496 f.
782 4436 817 4496 et
832 4431 867 4517 ij.
884 4435 991 4515 partes
1007 4431 1053 4495 di.
1070 4428 1093 4495 f,
1110 4449 1155 4494 m.
1171 4428 1257 4492 unde
1273 4426 1372 4490 solvit
1385 4425 1538 4490 decimas.

349 4578 509 4642 Tenentes
532 4584 691 4643 terrarum
716 4585 751 4644 et
778 4581 1040 4643 tenementorum
1067 4597 1170 4661 nuper
1194 4574 1355 4640 Johannis
1380 4575 1421 4638 de
1447 4574 1555 4656 Lyons
1579 4575 1695 4635 tenent
1721 4573 1807 4632 certa

305 4671 405 4816 gerres
431 4671 465 4728 et
490 4670 678 4731 tenemento
704 4669 739 4730 iu
765 4667 945 4734 Buuuuoun
972 4687 1029 4749 per
1055 4666 1229 4729 servicium
1256 4663 1317 4752 iiij.
1342 4664 1445 4748 partis
1474 4661 1496 4727 f.
1523 4681 1569 4727 m.
1594 4659 1680 4722 unde
1710 4657 1808 4720 solvit

328 4771 457 4818 ecimus.

351 4891 490 4954 Domina
505 4891 692 4976 Margareta
707 4891 840 4975 Paynell
856 4895 946 4955 tenet
961 4895 1051 4954 certa
1077 4895 1176 4954 terras
1200 4896 1235 4953 et
1260 4894 1447 4953 tenementa
1473 4888 1507 4948 in
1533 4884 1634 4952 Wssr
1657 4882 1805 4962 Bueron,

306 4999 367 5062 que
383 4999 487 5062 nuper
503 4980 636 5042 fuerunt
652 4980 801 5063 Hugonis
815 4979 855 5040 de
871 4977 993 5041 Berton
1012 4999 1068 5061 per
1084 4979 1256 5041 servicium
1266 4976 1294 5060 j.
1311 4977 1334 5040 f.
1351 4997 1397 5040 m.

351 5115 535 5178 Wilielmus
562 5115 673 5180 Lovell
698 5119 791 5178 tenet
818 5120 907 5177 certa
931 5121 1036 5178 terras
1061 5121 1096 5177 et
1122 5118 1312 5177 tenemento
1327 5109 1518 5174 immediate
1535 5111 1597 5173 etc.
1614 5108 1647 5169 in
1665 5107 1807 5187 Cossus,

306 5225 366 5287 qne
381 5223 484 5286 nuper
499 5204 633 5266 fuerunt
648 5203 783 5266 Isabeile
799 5201 885 5284 Grey
902 5223 958 5285 per
974 5204 1146 5265 servicium
1161 5201 1235 5286 iiiJ‘0
1255 5201 1358 5283 partis
1373 5197 1397 5263 f.
1413 5219 1459 5262 m.

350 5340 507 5404 Ricardus
533 5339 735 5404 Wclkestede
761 5346 852 5405 tenet
874 5349 962 5408 certa
986 5351 1090 5406 terras
1115 5346 1150 5402 et
1176 5343 1369 5402 tenementa
1394 5338 1427 5400 in
1456 5336 1578 5402 Maorvr
1604 5334 1716 5409 Tuus,
1744 5352 1806 5416 que

304 5447 407 5511 nuper
422 5427 555 5492 fuerunt
573 5427 726 5492 Willelmi
743 5428 855 5509 Preus,
871 5452 928 5514 per
944 5430 1116 5495 servicium
1132 5426 1205 5510 iiije
1225 5427 1328 5510 partis
1342 5423 1366 5490 f.
1383 5446 1429 5491 m.
