4117 6209
306 653 348 715 80
831 649 1279 715 NORTHUMBERLAND.

347 941 532 1005 Willelmus
555 940 595 1005 de
620 941 652 1005 la
668 941 746 1005 Vale
772 941 904 1005 seisitus
930 945 990 1007 etc.
1007 942 1048 1005 de
1064 942 1141 1005 sitta
1165 943 1205 1006 de
1233 944 1389 1008 Saonans
1419 961 1494 1004 cum
1511 940 1735 1023 pertinenciis,
1748 960 1811 1023 qne

304 1028 381 1092 villa
399 1049 475 1092 cum
491 1030 701 1112 pertinenciis
717 1036 767 1091 est
783 1028 921 1112 parcella
934 1030 1101 1093 libertatis
1124 1030 1270 1112 predicte
1297 1035 1331 1092 et
1353 1029 1440 1091 inira
1461 1028 1600 1092 eandem
1622 1028 1811 1091 libertatem

303 1117 417 1179 existit
431 1122 464 1179 et
475 1124 608 1179 tenetur
623 1116 663 1179 de
678 1116 800 1180 eisdem
816 1118 921 1200 priore
937 1123 972 1181 et
987 1124 1148 1179 conventu
1167 1137 1225 1201 per
1240 1117 1420 1200 septimam
1436 1122 1560 1199 partem
1577 1117 1601 1201 j.
1612 1116 1636 1180 t.
1648 1137 1694 1180 m.
1705 1121 1740 1178 et
1755 1136 1812 1198 per

303 1204 367 1267 alia
382 1204 505 1267 diversa
519 1205 665 1280 servicia,
680 1224 743 1287 qne
760 1205 923 1288 ignorant.

350 1340 469 1424 Symon
485 1342 525 1405 de
541 1341 675 1406 Welden
693 1342 825 1405 seisitus
840 1346 902 1406 etc.
919 1340 959 1405 de
975 1342 1143 1405 villacum
1159 1342 1332 1404 dominicis
1347 1342 1387 1404 de
1403 1342 1557 1408 Wrrnnmr
1574 1346 1609 1403 et
1623 1346 1757 1405 tenetur
1770 1341 1811 1403 de

305 1430 427 1491 eisdem
453 1431 555 1511 priore
582 1436 615 1493 et
640 1434 801 1493 conventu
827 1429 990 1492 reddendo
1020 1450 1077 1511 per
1106 1450 1230 1491 annum
1260 1432 1332 1494 mli.
1360 1436 1394 1491 et
1420 1449 1479 1513 per
1505 1433 1630 1492 sectam
1655 1429 1745 1491 curie
1771 1428 1812 1490 de

305 1515 509 1600 'l'ynemouth
527 1518 566 1579 de
581 1518 685 1581 tribus
701 1518 894 1600 septimanis
909 1518 944 1579 in
961 1522 1025 1579 tres
1045 1518 1243 1600 septimanas
1258 1524 1292 1580 et
1309 1537 1366 1600 per
1380 1523 1531 1580 octavam
1546 1522 1675 1599 partem
1690 1516 1715 1601 j.
1726 1515 1749 1581 f.
1763 1536 1809 1580 nr.

349 1654 393 1720 Et
408 1655 524 1719 dieunt
538 1655 618 1718 dicti
634 1655 794 1742 juratores
809 1656 894 1739 qnod
912 1655 1001 1717 nulla
1017 1661 1094 1717 sunt
1110 1653 1175 1717 alia
1191 1658 1276 1718 terre
1293 1661 1358 1719 etc.
1379 1659 1426 1734 (oo
1442 1656 1570 1734 before).

786 1946 911 2015 Wrnna
934 1968 977 2011 nn
1001 1946 1142 2012 INTER
1167 1945 1328 2013 SOU'PH.

348 2109 526 2191 Inquisicio
536 2114 631 2193 capta
638 2110 725 2193 apud
734 2116 875 2173 oestrum
883 2110 1008 2172 domini
1018 2110 1104 2193 regis
1112 2109 1154 2171 de
1164 2108 1255 2171 Novo
1265 2106 1377 2171 Castro
1386 2127 1484 2190 super
1492 2107 1618 2190 Tyriam
1631 2104 1802 2193 [secundo]

304 2197 358 2259 die
385 2197 467 2259 Maii
491 2218 575 2259 anno
601 2198 695 2280 regni
720 2198 808 2281 regis
835 2197 967 2260 Henrici
993 2199 1077 2258 sexti
1103 2203 1176 2279 post
1202 2204 1417 2277 conquestum
1442 2201 1506 2259 etc.
1536 2200 1583 2272 (os
1608 2195 1720 2277 before)
1749 2215 1808 2278 per

305 2291 541 2348 sacramentum
571 2283 728 2347 Willelmi
756 2282 962 2360 liotherford
979 2282 1139 2347 Willelmi
1166 2284 1327 2359 Laweson,
1345 2282 1501 2345 Willelmi
1530 2282 1645 2362 Benet‚
1672 2280 1805 2345 Roberti

305 2370 495 2455 Langwath‚
520 2371 677 2434 Willelmi
707 2372 812 2449 Gerre,
842 2371 958 2455 Rogeri
987 2369 1143 2453 Fenrrylr,
1171 2369 1331 2434 Johannis
1359 2369 1505 2447 Bamter,
1533 2368 1629 2431 lrielli
1659 2367 1807 2446 Chestre,

305 2457 462 2522 Johannis
487 2458 637 2542 Hidwyn‚
654 2459 812 2521 Willelmi
837 2458 922 2535 Gen,
947 2459 1070 2521 Thome
1086 2457 1221 2522 Weland
1246 2465 1280 2520 et
1297 2457 1457 2520 Willelmi
1483 2458 1600 2539 Laury,
1610 2456 1809 2540 juratorum,

304 2549 361 2630 qui
378 2547 493 2609 dicunt
508 2566 605 2630 super
621 2551 861 2609 sacramentum
878 2567 974 2609 suurn
989 2545 1077 2629 quod
1090 2572 1143 2610 :⁸-

351 2734 511 2797 Henrious
536 2735 637 2817 Percy
660 2733 795 2798 Dathels
822 2736 954 2799 seisitus
978 2740 1013 2798 et
1037 2735 1293 2817 possessionatus
1319 2737 1370 2796 est
1395 2734 1426 2796 in
1453 2734 1616 2797 dominico
1638 2754 1696 2797 suo
1718 2739 1755 2797 ut
1770 2734 1810 2798 de

305 2820 398 2885 feodo
423 2822 464 2884 de
490 2821 620 2884 talliato
646 2823 686 2884 de
712 2828 817 2885 castro
842 2828 875 2885 et
901 2823 1046 2885 dominio
1070 2822 1110 2884 de
1136 2822 1292 2886 Mrrronn
1319 2828 1354 2884 et
1380 2822 1421 2885 de
1438 2820 1514 2884 villa
1529 2822 1570 2883 de
1592 2821 1711 2886 Etartc
1733 2841 1807 2884 cum

307 2908 459 2973 membris
474 2911 541 2972 suis
562 2908 710 2973 videlicet
726 2910 903 2988 Mesenen,
917 2912 1112 2977 Omnssrors
1129 2910 1285 2975 l'anraris
1303 2912 1366 2987 (tc.
1382 2910 1563 2986 Venerios),
1580 2930 1642 2993 que
1659 2915 1810 2973 tenentur

306 2996 345 3059 de
369 2995 500 3059 domino
523 3017 599 3081 rege
615 2997 794 3061 inmediate
810 3019 866 3082 per
881 2999 906 3083 j.
922 2997 946 3062 f.
963 3020 1007 3062 m.

352 3142 536 3207 Willelmus
562 3146 656 3223 Eure,
673 3145 779 3223 miles,
796 3147 926 3208 seisitus
942 3154 1004 3210 etc.
1023 3152 1060 3208 ut
1076 3146 1116 3207 de
1133 3144 1228 3207 feodo
1243 3144 1283 3208 de
1300 3144 1388 3206 villis
1403 3143 1443 3205 de
1459 3143 1611 3222 Nasson,
1625 3145 1811 3207 Tflsot’ttt

307 3230 522 3308 Krnrrnmws‚
538 3232 733 3295 Ossismos
762 3233 904 3309 Darem,
931 3233 1088 3295 Bssswrc
1113 3246 1219 3295 sorra
1235 3232 1399 3309 Mosrnrr,
1425 3231 1585 3295 Mrrrosn
1613 3231 1709 3295 Pani<
1734 3252 1809 3295 cum

306 3318 492 3382 molendina
521 3322 590 3397 (sic)
616 3323 766 3404 aquatica
793 3321 832 3383 de
856 3321 1004 3397 Mitiord,
1030 3341 1094 3403 que
1121 3324 1278 3382 tenentur
1304 3318 1347 3381 de
1371 3318 1517 3402 predicto
1542 3319 1683 3383 Henrioo
1707 3319 1809 3403 Percy

306 3408 495 3483 inmediate‚
511 3416 548 3470 ut
570 3407 610 3470 de
632 3408 777 3470 dominio
802 3428 859 3471 suo
885 3408 925 3471 de
951 3407 1088 3470 Mittord
1115 3427 1173 3489 per
1196 3408 1368 3469 servicium
1395 3406 1551 3470 reddendi
1577 3408 1683 3471 eidem
1710 3426 1808 3470 unam

306 3495 495 3577 catapultan
511 3515 568 3578 pro
583 3496 672 3559 omni
687 3495 752 3559 alio
767 3496 913 3559 servicio.

350 3647 513 3712 Johannes
528 3650 650 3729 Heron,
667 3650 753 3713 filius
768 3650 941 3713 Alexandri
960 3649 1068 3711 Heron
1086 3612 1125 3712 de
1142 3646 1331 3731 Chipchese,
1347 3650 1404 3733 qui
1420 3648 1505 3710 inira
1518 3654 1642 3711 etatem
1657 3654 1709 3712 est
1723 3653 1759 3711 et
1773 3648 1808 3711 in

306 3737 453 3799 custodia
467 3736 625 3800 Willelmi
640 3737 735 3815 Eure,
759 3736 912 3815 chivaler‚
941 3737 1073 3800 seisitus
1099 3744 1163 3800 etc.
1188 3736 1229 3798 de
1256 3734 1335 3798 villa
1361 3736 1401 3799 de
1426 3736 1563 3801 Prnnnrr
1589 3756 1652 3818 que
1679 3742 1810 3800 tenetur

304 3823 486 3886 inmediate
501 3824 542 3886 de
557 3824 705 3908 predicto
721 3824 883 3887 Willelmo
898 3826 983 3887 Eure
999 3845 1056 3907 per
1070 3830 1221 3907 quartam
1236 3828 1362 3906 partem
1376 3822 1400 3908 j
1417 3822 1441 3888 f.
1458 3845 1503 3888 m.

350 3971 516 4037 Johennes
542 3974 684 4057 Fenwyk
708 3976 839 4038 seisitus
862 3978 925 4039 etc.
942 3974 1078 4037 devilia
1101 3974 1141 4037 de
1166 3975 1358 4051 Praescisse,
1386 3993 1449 4058 que
1463 3978 1593 4037 tenetur
1607 3974 1648 4037 de
1662 3974 1809 4057 predicto

307 4060 447 4123 Henrioo
462 4059 563 4144 Percy
578 4069 617 4123 ut
631 4063 671 4124 de
686 4062 833 4125 dominio
848 4082 905 4125 suo
921 4061 1067 4144 predicto
1083 4081 1141 4144 per
1155 4068 1305 4144 quartam
1322 4068 1446 4144 partem
1458 4060 1486 4143 j.
1503 4060 1528 4126 t.
1544 4081 1589 4125 m.

350 4212 515 4277 Johannes
530 4214 690 4299 Mensryle
705 4216 837 4279 saisitus
852 4224 915 4280 eto.
932 4218 972 4281 de
988 4237 1054 4279 una
1069 4216 1248 4280 medietate
1265 4215 1342 4279 ville
1357 4216 1398 4279 de
1415 4214 1529 4278 Soura
1548 4214 1713 4278 lineum.

350 4364 522 4428 Edwardus
538 4364 686 4429 Bartram
702 4372 737 4429 et
752 4366 952 4448 Elisabetha,
970 4390 1049 4431 uxor
1063 4367 1145 4452 ejus,
1174 4369 1280 4431 seieiti
1305 4373 1368 4432 etc.
1395 4366 1497 4429 simili
1522 4365 1618 4429 modo
1643 4366 1683 4429 de
1706 4366 1810 4428 altera

307 4452 487 4516 medietate
503 4452 542 4517 de
558 4454 671 4517 Sourta
689 4454 858 4534 Mnscm,
876 4476 938 4541 que
954 4456 1032 4520 villa
1048 4461 1179 4519 tenetur
1194 4456 1233 4517 de
1255 4455 1405 4537 predicto
1421 4454 1564 4517 Henrioo
1578 4452 1693 4537 Percy,
1707 4457 1745 4516 ut
1767 4452 1809 4515 de

306 4540 452 4603 dominio
467 4562 524 4604 suo
538 4542 686 4625 predicto
701 4563 759 4624 per
774 4545 988 4608 medietatem
1004 4544 1029 4630 j.
1048 4543 1071 4609 f.
1088 4565 1133 4608 m.

350 4697 553 4779 Elisabethe,
581 4721 644 4785 que
669 4701 734 4764 fuit
758 4722 837 4766 uxor
863 4701 1022 4767 Johannis
1048 4703 1168 4776 Heron,
1194 4701 1324 4777 militis,
1350 4700 1463 4763 seisita
1485 4709 1548 4762 etc.
1575 4702 1612 4761 ut
1636 4697 1676 4760 de
1705 4695 1809 4760 libero

305 4790 493 4849 tenemento
510 4808 564 4870 pro
580 4788 721 4852 termino
737 4792 803 4853 vite
818 4810 874 4853 sue
889 4791 929 4852 de
946 4790 1023 4853 villa
1038 4790 1077 4852 de
1093 4791 1262 4867 Esnsrrn,
1280 4807 1343 4872 que
1359 4791 1489 4850 tenetur
1504 4786 1545 4848 de
1560 4785 1649 4847 dicto
1665 4783 1808 4847 Henrioo

306 4877 345 4936 ut
359 4871 399 4935 de
414 4872 557 4937 dominio
572 4895 629 4937 suo
644 4876 790 4958 predicto
806 4897 863 4959 per
877 4884 1027 4961 quartam
1046 4887 1171 4961 partem
1187 4876 1211 4961 j.
1228 4876 1250 4939 f.
1268 4898 1313 4940 m.

350 5024 473 5087 Liellus
499 5025 609 5088 Heron
636 5029 1003 5092 seisitusetc.devi11a
1028 5028 1069 5091 de
1099 5029 1317 5108 Bostarem),
1332 5047 1393 5110 que
1417 5030 1551 5088 tenetur
1575 5024 1753 5087 inmediate
1767 5023 1808 5085 de

306 5111 395 5174 dicto
413 5112 441 5173 H
446 5113 553 5175 enrico
568 5118 604 5175 ut
621 5114 661 5177 de
675 5115 820 5177 dominio
836 5136 892 5178 sno
908 5116 1064 5199 predicto,
1077 5136 1136 5197 per
1151 5122 1303 5199 quartam
1317 5119 1442 5197 partem
1453 5112 1480 5197 j
1496 5112 1519 5178 f.
1536 5133 1581 5178 m.

348 5265 513 5329 lohannes
530 5267 659 5331 Hunter
675 5268 803 5331 seisitus
818 5274 879 5331 etc.
895 5268 936 5331 de
953 5268 1132 5332 medietate
1158 5267 1234 5331 ville
1259 5267 1300 5330 de
1323 5266 1565 5329 Taresrreros
1587 5268 1622 5329 in
1649 5265 1810 5329 dominico

306 5373 362 5417 suo
386 5358 424 5417 ut
448 5356 488 5417 de
509 5354 606 5418 libero
631 5362 817 5419 tenemento
844 5376 900 5438 pro
924 5358 1065 5419 termino
1081 5356 1147 5417 vite
1172 5374 1227 5417 sue
1254 5374 1295 5416 ex
1321 5354 1525 5416 concessione
1549 5352 1684 5417 Henrioi
1700 5353 1810 5434 Peroy‚

305 5442 434 5504 comitis
451 5441 691 5505 Nerthumbrie.
