4117 6209
291 626 355 689 302
924 634 1173 704 SOMERSET.

336 900 526 967 Edmundus
552 907 593 970 de
620 908 796 972 Bradoston
823 917 857 973 et
883 912 1007 989 PetruS,
1023 914 1121 976 frater
1143 916 1225 997 ejus,
1242 923 1356 979 tenent
1383 919 1586 983 Romamn
1612 938 1668 1000 pro
1686 922 1801 1001 quarta

289 994 383 1069 parte
399 1012 452 1055 un.
468 994 489 1054 f.
505 994 546 1056 de
561 995 700 1058 dominis
716 998 755 1059 de
773 998 964 1079 Bykenalre‚
981 1001 1132 1065 videlicet
1147 1004 1188 1065 de
1203 1003 1223 1065 J
1226 1005 1324 1067 acobo
1340 1006 1379 1068 de
1396 1006 1550 1089 Wayvyle
1564 1013 1629 1070 ete.

334 1124 477 1210 Rogerus
492 1130 626 1214 Crispyn
642 1136 734 1195 tenet
752 1132 924 1201 Smrom)
942 1158 997 1219 pro
1013 1144 1128 1222 quarta
1144 1144 1234 1222 parte
1251 1160 1305 1206 un.
1323 1140 1346 1207 f.
1363 1142 1404 1205 de
1421 1143 1547 1225 Rogero
1564 1142 1720 1206 Arundel.

335 1266 418 1329 Item
437 1268 600 1331 Mmtinus
616 1271 656 1332 de
673 1270 850 1357 Shyreborn
868 1279 958 1338 tenet
976 1277 1115 1342 Tnomm
1132 1299 1189 1360 pro
1204 1278 1249 1343 di.
1267 1281 1290 1345 f.
1307 1281 1348 1343 de
1363 1279 1513 1345 Johanne
1527 1284 1568 1346 de
1584 1282 1758 1367 Penbrigg.

291 1403 519 1554 Umlglmus
534 1407 575 1469 de
591 1406 802 1491 Gryndeham
818 1416 909 1477 tknet
925 1413 1116 1479 Gnmnnffl
1132 1437 1190 1498 pro
1204 1418 1250 1480 di.
1264 1418 1287 1485 f.
1300 1418 1531 1504 Mortayngnie
1547 1422 1586 1483 de
1602 1421 1742 1483 Henrico
1756 1420 1798 1481 de

323 1514 336 1553 r
428 1542 435 1556 .

332 1625 493 1691 Johannes
509 1630 550 1693 de
566 1630 684 1694 Sancto
700 1632 792 1696 Claro
807 1640 897 1698 tenet
914 1634 997 1699 Essa
1007 1635 1134 1700 Bulm
1150 1660 1208 1721 pro
1222 1646 1338 1722 quarta
1353 1648 1444 1723 parte
1460 1663 1514 1706 un.
1525 1644 1547 1706 f.
1560 1643 1792 1727 Mortayngnie
1835 1642 1839 1648 ’

288 1714 327 1776 de
344 1713 485 1778 Henrico
501 1716 540 1781 de
558 1719 701 1783 Urtiaco.

289 1848 495 2023 Pafflnneu
521 1854 562 1916 de
588 1854 722 1938 Reygny
750 1860 839 1919 tenet
865 1857 1043 1924 Sumen
1070 1860 1195 1943 prodi.
1224 1860 1349 1947 virgata
1376 1869 1462 1927 terre
1486 1865 1526 1927 de
1553 1863 1693 1927 Roberto
1721 1862 1789 1925 filio

287 2073 516 2226 firwisslelmtffs
538 2075 578 2137 de
605 2072 814 2157 Gryndeham
838 2080 928 2139 tenet
953 2077 1154 2143 Kmsronn
1169 2100 1226 2163 pro
1241 2087 1357 2166 quarta
1372 2090 1466 2165 parte
1482 2104 1537 2149 uu.
1554 2083 1577 2149 f.
1594 2085 1634 2148 de
1650 2084 1792 2146 Robetto

325 2182 355 2223 ιο
398 2181 504 2245 agam.
1290 2196 1297 2212 .

288 2296 503 2448 PlPhilippus
526 2299 566 2362 de
594 2296 772 2361 Welesford
799 2304 890 2362 tenet
917 2298 1129 2365 Wssnnsronn
1156 2323 1213 2384 pro
1240 2305 1314 2392 viij·
1335 2314 1427 2389 parte
1453 2329 1508 2370 un.
1525 2308 1548 2373 f.
1574 2310 1609 2370 in
1634 2308 1791 2393 Nyweton

328 2406 408 2469 essy.

331 2524 497 2587 Gilbertus
511 2525 551 2586 de
566 2522 598 2585 la
614 2522 712 2585 Putte
727 2528 760 2585 et
776 2521 940 2585 Johannes
966 2524 1125 2608 Fayrmey
1139 2531 1256 2590 tenent
1279 2526 1421 2592 Lmen
1448 2534 1483 2591 et
1509 2530 1707 2595 anwmn
1732 2549 1791 2610 pro

285 2612 330 2676 di.
346 2613 368 2676 f.
385 2612 424 2674 de
438 2612 569 2674 domino
584 2607 734 2672 Johanne
748 2611 789 2673 de
806 2607 942 2674 Mohun.

330 2742 444 2804 Petrus
458 2742 499 2803 de
515 2739 679 2823 Avesbury
696 2745 788 2804 tenet
804 2741 1008 2808 mamm>
1025 2763 1085 2825 pro
1101 2744 1146 2807 di.
1163 2743 1186 2809 f.
1202 2744 1241 2806 de
1256 2747 1377 2809 comite
1393 2746 1582 2830 Lyncolnie.

741 3000 962 3067 Htmnnnnum
986 3024 1029 3068 nn
1054 3000 1338 3071 KARAMPTON.

328 3140 493 3203 Juratores
520 3138 633 3201 dicunt
659 3138 745 3221 quod
771 3138 936 3204 Johannes
960 3142 1000 3205 de
1026 3139 1154 3205 Mohun
1180 3147 1276 3206 tenet
1302 3143 1335 3204 in
1360 3142 1562 3207 Kmmon
1578 3140 1646 3227 viij.
1662 3144 1789 3223 partem

284 3248 339 3292 un.
356 3227 379 3294 f.
397 3228 436 3290 de
451 3228 583 3289 domino
596 3246 670 3311 rege
685 3232 749 3291 etc.

326 3364 490 3429 Johannes
505 3364 546 3427 de
561 3363 685 3426 Mohun
702 3369 790 3427 tenet
807 3365 841 3426 in
860 3364 1029 3432 Comconn
1045 3369 1091 3431 di.
1108 3366 1130 3429 f.
1147 3369 1187 3430 de
1203 3368 1335 3429 domino
1349 3387 1425 3447 rege
1440 3368 1492 3429 i.e.

327 3504 509 3567 Willelmus
536 3501 661 3565 Martia
687 3510 722 3565 et
747 3502 910 3583 Elium,
937 3525 1017 3567 uxor
1042 3506 1125 3588 ejuS,
1150 3510 1264 3567 tenent
1287 3505 1328 3567 de
1352 3503 1532 3566 hereditate
1559 3500 1718 3565 Johannis
1747 3502 1789 3567 de

282 3592 405 3655 Mohun
428 3588 493 3677 [in]
515 3590 707 3656 annvnn
722 3592 853 3653 nomine
869 3592 958 3654 dotis
969 3591 996 3676 j.
1010 3595 1033 3658 f.
1045 3602 1082 3656 et
1096 3600 1247 3675 quartam
1263 3606 1390 3675 partem
1405 3612 1461 3655 un.
1480 3593 1502 3655 f.
1520 3592 1605 3654 unde
1622 3588 1788 3654 Johannes

282 3680 323 3743 de
339 3676 465 3743 Mohun
481 3684 574 3741 tenet
588 3678 629 3740 de
645 3678 779 3740 domino
793 3699 867 3763 rege
882 3680 937 3744 i.c.

326 3817 435 3881 Feoda
450 3816 594 3900 ejusdem
610 3812 772 3878 hundredi
789 3836 851 3897 que
867 3822 1020 3881 tenentur
1035 3839 1094 3900 per
1108 3817 1303 3881 medium:-

324 3955 487 4018 Johannes
501 3954 541 4014 de
558 3952 721 4013 Loccumb
735 3956 827 4015 tenet
842 3955 876 4014 in
894 3954 959 4016 EST
976 3954 1137 4017 LOCCUMB
1147 3954 1175 4038 j.
1192 3955 1216 4019 f.
1235 3954 1274 4017 de
1290 3954 1436 4018 Henrico
1451 3953 1492 4016 de
1507 3953 1736 4037 Pynkenheye.

327 4090 492 4155 Galfridus
518 4090 558 4151 de
586 4088 745 4152 Loooomb
770 4092 859 4151 tenet
888 4088 912 4172 j.
930 4086 953 4152 f.
970 4088 1003 4149 in
1026 4087 1127 4154 Wsssae
1149 4086 1309 4152 Locccun
1334 4092 1367 4148 et
1392 4085 1428 4147 in
1451 4086 1717 4151 Wmssmmzsnm
1747 4087 1787 4148 de

282 4178 430 4242 Galfrido
445 4178 486 4240 de
503 4175 654 4257 Canvyle.

326 4318 439 4381 Simon
456 4313 563 4400 Rogas
578 4318 668 4376 tenet
683 4312 718 4375 in
734 4312 864 4379 Pomoc
880 4312 925 4377 di.
941 4312 964 4375 f.
982 4312 1022 4375 de
1040 4312 1181 4376 Henrieo
1195 4310 1301 4397 Roges
1315 4311 1356 4373 de
1371 4310 1560 4374 Holeeomb.

325 4454 497 4537 Philippus
512 4450 670 4535 cortenay
685 4456 780 4515 tenet
794 4450 839 4516 di.
857 4450 880 4515 f.
897 4452 932 4513 in
948 4451 1093 4518 Woflou
1110 4452 1149 4513 de
1163 4450 1305 4534 Hugone
1319 4449 1360 4511 de
1375 4446 1544 4533 Coroenay.

324 4593 484 4658 Radulfus
508 4593 537 4655 le
560 4592 639 4655 Tott
663 4596 696 4653 et
726 4590 835 4655 Oeude
855 4592 923 4671 (sic)
942 4593 982 4655 de
1007 4590 1183 4654 Domelton
1208 4594 1323 4651 tenent
1349 4586 1394 4651 di.
1412 4584 1434 4649 f.
1451 4586 1484 4646 in
1512 4584 1715 4649 Tmnncou
1741 4584 1782 4647 de
1909 4610 1917 4621 ·

281 4680 423 4745 Roberto
439 4682 507 4744 filio
523 4678 660 4764 Pagani.

323 4818 480 4880 Ricardus
496 4814 596 4878 Avele
611 4818 702 4877 tenet
717 4816 832 4879 Avm:
848 4836 905 4899 pro
919 4813 964 4877 di.
981 4812 1004 4879 f.
1022 4814 1064 4877 de
1079 4813 1228 4877 Johanne
1243 4812 1283 4875 de
1298 4810 1434 4874 Mohun.

324 4946 506 5011 Willelmus
522 4947 562 5009 de
579 4943 687 5007 Holne
704 4950 797 5007 tenet
812 4946 996 5013 Huuaoom
1011 4968 1068 5031 pro
1083 4948 1128 5013 di.
1145 4948 1169 5012 f.
1185 4948 1226 5010 de
1243 4943 1377 5007 Matheo
1392 4943 1433 5003 de
1451 4941 1617 5005 Forniaus.

324 5084 484 5147 Robettus
499 5081 538 5143 de
554 5079 691 5141 Bratton
707 5083 798 5141 tenet
813 5080 966 5173 Bnmou
982 5103 1040 5165 pro
1056 5084 1100 5147 di.
1117 5084 1139 5147 f.
1155 5084 1195 5145 de
1212 5082 1360 5146 Johanne
1374 5084 1414 5147 de
1430 5079 1564 5143 Mohun.

280 5219 507 5372 minem
523 5216 660 5294 Martin,
676 5215 826 5280 dominus
841 5218 881 5281 de
897 5220 1048 5297 stanton,
1063 5228 1155 5284 tenet
1174 5222 1323 5288 Srmon
1346 5242 1404 5303 pro
1418 5222 1464 5285 di.
1481 5220 1503 5282 f.
1519 5219 1560 5281 de
1575 5214 1724 5279 Johanne
1740 5217 1782 5278 de

279 5339 290 5373 ι
316 5330 334 5372 0
359 5328 415 5373 un.

321 5446 422 5510 Lucia
435 5444 476 5508 de
491 5441 634 5506 Morieth
650 5446 742 5507 tenet
757 5442 950 5511 WYnnconn
966 5464 1022 5526 pro
1037 5444 1062 5530 j.
1078 5442 1101 5505 f.
1117 5444 1157 5506 de
1173 5440 1322 5505 Johanne
1337 5442 1378 5505 de
1394 5440 1531 5506 Mohun.
