4117 6209
913 650 996 715 A.D.
1023 653 1117 714 1428.
1698 655 1760 718 199

305 934 394 998 Prior
411 935 523 998 Sancti
537 935 560 999 J
561 937 695 998 ohannis
711 936 890 1000 Jerusalem
906 942 995 1000 tenet
1011 958 1068 1021 per
1082 938 1174 1000 breve
1190 941 1253 1002 etc.
1269 942 1356 1000 certa
1381 942 1484 1000 terras
1508 942 1542 999 et
1569 940 1759 1001 tenementa

261 1023 295 1085 in
313 1023 466 1090 Ssuroan
482 1043 540 1106 per
555 1025 727 1087 servicium
742 1025 766 1110 j.
784 1025 805 1087 i.
823 1047 867 1090 m.
882 1045 944 1107 que
959 1044 1062 1108 nuper
1076 1024 1208 1088 fuerunt
1223 1025 1491 1108 Templariorum.

305 1185 395 1249 Prior
410 1186 450 1250 de
467 1185 636 1250 Burcester
650 1193 740 1250 tenet
756 1188 945 1251 immediate
961 1195 1048 1251 certa
1063 1194 1164 1250 terras
1180 1195 1216 1252 et
1231 1193 1422 1253 tenementa
1445 1189 1480 1250 in
1507 1188 1687 1253 Eusucorn
1714 1188 1755 1250 de

262 1293 325 1356 quo
339 1274 518 1357 ignoratur,
534 1274 658 1338 scilicet
672 1276 717 1339 di.
735 1277 756 1339 f.
774 1297 819 1340 m.
835 1281 870 1338 et
883 1276 979 1339 solvit
995 1276 1150 1341 decimas.

305 1435 461 1498 Priorissa
489 1437 530 1499 de
560 1435 729 1498 Litilmore
759 1441 852 1500 tenet
882 1437 1073 1501 immediate
1102 1445 1163 1502 eto.
1190 1443 1279 1500 certa
1310 1441 1409 1500 terras
1439 1443 1473 1500 et
1504 1440 1692 1500 tenementa
1722 1438 1755 1499 in

264 1523 417 1589 Ssuroan
442 1523 482 1586 de
508 1544 572 1605 quo
597 1524 775 1607 ignoratur,
792 1543 855 1606 que
879 1544 984 1608 nuper
1014 1524 1145 1588 luerunt
1171 1525 1333 1588 Johannis
1360 1525 1476 1609 lissey,
1503 1544 1560 1608 per
1585 1524 1755 1586 servicium

259 1611 283 1695 j.
299 1609 322 1674 i.
340 1632 383 1675 m.
400 1631 457 1692 pro
472 1611 588 1694 quibus
603 1611 698 1673 solvit
714 1611 855 1674 decimas
871 1610 1000 1696 quando
1015 1611 1138 1675 decime
1153 1618 1296 1677 currunt.

304 1771 396 1836 Prior
411 1773 579 1856 hospitalis
595 1771 707 1837 Sancti
722 1772 743 1836 J
745 1773 881 1837 ohannis
896 1773 1077 1838 Jerusalem
1093 1781 1183 1838 tenet
1199 1774 1389 1837 immediate
1404 1777 1466 1838 etc.
1483 1777 1570 1834 certa
1595 1777 1698 1835 terras
1723 1778 1760 1834 et

259 1865 448 1923 tenementa
462 1861 496 1923 in
512 1859 668 1927 consuas
679 1860 719 1922 dc
734 1881 797 1944 quo
812 1863 989 1946 ignoratur,
1000 1883 1064 1946 que
1080 1883 1181 1944 nuper
1197 1861 1327 1924 fuerunt
1343 1861 1490 1942 magistri
1508 1866 1542 1923 et
1556 1861 1757 1922 confratrum

261 1947 515 2031 Templaricrum
530 1969 587 2030 per
602 1949 705 2026 breve,
723 1949 926 2012 continentia
941 1949 1002 2034 iiij.
1020 1957 1146 2032 partem
1161 1947 1184 2014 f.
1202 1970 1247 2013 m.

305 2101 469 2167 Johannes
486 2102 615 2166 Bradell
630 2109 722 2167 tenet
736 2105 926 2168 immediate
942 2110 1004 2170 etc.
1021 2111 1110 2168 certa
1125 2110 1225 2168 terras
1239 2111 1273 2168 et
1288 2108 1477 2168 tenemento
1492 2106 1526 2166 in
1543 2105 1758 2168 Bsnmuerou

262 2190 458 2364 ili'pjpevpgarrtips
473 2211 547 2342 fqupl
571 2191 750 2274 ignoratur,
776 2213 837 2274 que
862 2213 966 2276 nuper
995 2193 1127 2256 fuerunt
1156 2193 1289 2256 Roberti
1321 2191 1468 2269 Bradele,
1498 2211 1555 2272 per
1585 2191 1758 2254 servicium

306 2442 451 2505 Heredes
476 2441 598 2503 Thome
624 2441 759 2524 Camoys
783 2445 897 2506 tenent
923 2443 1115 2506 immediate
1141 2449 1203 2506 etc.
1228 2447 1318 2505 certa
1345 2445 1444 2504 terras
1471 2450 1505 2503 et
1521 2440 1759 2502 tenementain

262 2529 484 2681 {fflfflffiogi
494 2529 678 2681 vappnuas
693 2530 732 2592 de
747 2549 811 2611 quo
824 2531 1002 2611 ignoratur,
1028 2551 1091 2614 que
1107 2551 1210 2613 nuper
1225 2529 1360 2592 fuerunt
1374 2527 1505 2591 Roberti
1524 2525 1686 2607 Lovvches,
1702 2546 1760 2609 per

306 2778 449 2842 Heredes
465 2777 599 2840 Roberti
613 2777 653 2840 de
670 2775 832 2840 Stratiord
848 2781 962 2840 tenent
978 2777 1167 2840 immediate
1184 2783 1247 2841 eto.
1271 2781 1359 2840 certa
1383 2782 1486 2839 terras
1509 2780 1544 2838 et
1570 2780 1762 2838 tenementa

262 2867 297 2928 in
313 2865 379 2930 Tou
395 2867 616 2930 Bsnuurtnuou
632 2864 672 2926 de
689 2884 752 2946 quo
767 2865 947 2948 ignoratur,
964 2885 1025 2949 que
1040 2885 1144 2947 nuper
1158 2865 1294 2929 fuerunt
1310 2864 1443 2927 Roberti
1460 2864 1500 2925 dc
1517 2861 1690 2940 Stratiord,
1706 2880 1762 2942 per

264 2954 435 3016 servicium
451 2957 566 3036 quarte
581 2953 683 3034 partis
699 2950 722 3015 f.
739 2973 784 3016 nr.

306 3114 469 3179 Johunnes
486 3114 647 3197 Fitaelyas
662 3120 760 3180 tenet
774 3114 966 3178 immediate
982 3119 1044 3179 eto.
1062 3119 1150 3177 certa
1166 3119 1268 3178 terras
1284 3120 1317 3177 et
1334 3117 1525 3177 tenementa
1540 3113 1574 3174 in
1598 3113 1761 3176 Tuousus

263 3203 302 3266 de
316 3224 380 3286 quo
395 3205 575 3287 ignoratur,
590 3222 653 3285 que
669 3221 771 3284 nuper
786 3201 918 3264 fuerunt
935 3203 1072 3286 Agnetis
1087 3201 1127 3264 de
1143 3201 1338 3284 Waterpury
1354 3222 1409 3283 per
1424 3201 1596 3263 servicium
1613 3200 1658 3262 di.
1674 3198 1697 3262 f.
1714 3221 1759 3262 m.

305 3365 398 3428 Prior
410 3364 451 3428 de
463 3363 644 3429 Chacombe
655 3369 749 3426 tenet
763 3362 955 3426 immediate
971 3369 1032 3427 etc.
1045 3347 1134 3426 certa
1148 3369 1247 3426 terras
1263 3367 1296 3427 et
1311 3365 1501 3426 tenemento
1515 3362 1549 3422 in
1562 3362 1761 3426 Foesvuuun

263 3453 304 3516 de
319 3473 383 3536 quo
397 3455 575 3537 ignoratur,
590 3453 795 3515 continentia
811 3455 934 3512 sextam
950 3455 1078 3532 partem
1094 3450 1118 3516 f.
1134 3471 1180 3514 m.

307 3616 470 3680 Johannes
497 3614 584 3678 Beue
610 3621 644 3677 et
668 3613 852 3680 Willelmus
878 3614 1000 3677 llowler
1025 3618 1140 3677 tenent
1169 3614 1360 3677 immediate
1386 3615 1449 3677 etc.
1481 3617 1569 3674 certa
1597 3616 1698 3674 terras
1728 3617 1762 3673 et

263 3709 454 3768 tenementa
468 3704 502 3766 in
519 3704 729 3769 Caunvvonru
745 3701 786 3764 de
801 3721 865 3786 quo
881 3703 1060 3786 ignoratur,
1074 3723 1137 3785 que
1150 3721 1254 3784 nuper
1268 3701 1401 3764 fuerunt
1412 3698 1570 3761 Willelmi
1586 3699 1761 3781 Harpeden

264 3811 322 3875 per
337 3791 510 3856 servicium
527 3791 571 3854 di.
588 3789 612 3855 f.
630 3811 674 3854 m.

306 3955 445 4016 Thomas
459 3951 595 4034 Camoys
610 3955 700 4014 tenet
715 3951 907 4014 immediate
922 3955 984 4016 etc.
1001 3956 1089 4014 certa
1103 3955 1204 4014 terras
1219 3955 1254 4012 et
1269 3953 1460 4012 tenementa
1475 3951 1509 4011 in
1525 3923 1695 4015 warram
1721 3949 1761 4011 de

263 4061 326 4126 quo
340 4040 518 4126 ignoratur,
530 4059 591 4122 que
607 4058 711 4121 nuper
726 4039 857 4102 fuerunt
871 4037 891 4102 J
894 4037 1033 4102 ohannis
1049 4038 1200 4100 Lavvches
1214 4057 1270 4120 per
1285 4037 1456 4100 servicium
1471 4035 1545 4121 iiijc
1566 4038 1666 4119 partis
1681 4035 1702 4098 f.
1714 4058 1759 4100 m.

308 4202 493 4266 Willelmus
509 4198 644 4283 Phillip‚
660 4199 814 4276 ohivaler‚
829 4205 923 4263 tenet
937 4199 1130 4263 immediate
1145 4206 1206 4263 etc.
1222 4205 1310 4263 certa
1335 4204 1433 4262 terras
1456 4205 1491 4262 et
1513 4202 1701 4262 tenementa
1726 4199 1762 4261 in

265 4293 401 4442 'Hrpnuou
426 4289 467 4352 de
492 4308 556 4372 quo
581 4290 760 4372 ignoratur,
777 4308 840 4372 que
864 4308 968 4371 nuper
991 4288 1125 4351 luerunt
1151 4287 1285 4350 Roberti
1307 4285 1495 4369 Dammery,
1510 4306 1567 4368 per
1591 4284 1760 4349 servicium

265 4399 288 4448 l·
320 4399 390 4445 ·m.

307 4514 398 4578 Prior
433 4510 604 4596 hospitalis
641 4509 752 4574 Sancti
789 4505 947 4574 Joh'annis
984 4517 1075 4572 extra
1112 4515 1238 4593 portam
1275 4509 1466 4573 orientalem
1504 4506 1628 4572 Oxonie
1671 4515 1759 4571 tenet

264 4601 454 4665 immediate
488 4599 529 4660 de
563 4619 626 4680 quo
661 4599 829 4682 ignoratur
858 4604 947 4661 certa
977 4603 1075 4659 terras
1104 4603 1138 4659 et
1173 4602 1363 4660 tenemento
1391 4596 1424 4658 in
1457 4597 1673 4662 Gsasrueuou
1704 4617 1761 4677 per

265 4689 436 4754 servicium
451 4685 524 4770 iiij*
547 4686 646 4768 partis
661 4687 683 4748 f.
702 4707 746 4750 ru.

309 4850 449 4918 Thomas
479 4847 690 4932 Baldyngdon
728 4851 821 4910 tenet
854 4847 1046 4910 immediate
1079 4854 1140 4911 etc.
1171 4853 1259 4910 certa
1295 4852 1396 4910 terras
1433 4850 1468 4909 et
1502 4850 1692 4910 tenementa
1726 4845 1761 4908 in

265 4935 531 5090 pepppcpppuvddef
553 4955 618 5087 diuo
647 4936 827 5018 ignoratur,
858 4954 923 5016 que
955 4953 1060 5018 nuper
1090 4934 1223 4998 fuerunt
1253 4934 1438 5018 Margarete
1468 4933 1498 4997 le
1528 4933 1678 5017 spenser,
1703 4953 1761 5015 per

310 5185 492 5250 Willelmus
507 5189 576 5248 atte
591 5183 696 5247 (drove
711 5190 801 5247 tenet
816 5182 1009 5246 immediate
1024 5187 1087 5247 etc.
1104 5187 1194 5246 certa
1209 5188 1310 5246 terras
1324 5188 1358 5246 et
1373 5187 1563 5246 tenemento
1588 5184 1622 5242 in
1647 5181 1761 5246 Guovu

266 5277 306 5340 de
321 5295 385 5360 quc
399 5275 577 5358 ignoratur,
592 5293 655 5356 que
671 5291 772 5353 nuper
787 5271 918 5334 fuerunt
933 5271 1072 5354 Agnetis
1086 5269 1127 5331 de
1142 5269 1253 5353 Pirye,
1268 5290 1327 5352 per
1341 5269 1512 5334 servicium
1527 5269 1571 5331 di.
1589 5268 1611 5332 f.
1627 5289 1672 5332 m.

311 5440 339 5502 N
344 5439 407 5503 ulle
423 5437 484 5502 alie
501 5457 633 5520 persone
649 5435 716 5499 sive
731 5441 879 5499 tenentes
894 5443 956 5500 eto.
977 5431 1024 5510 (aa
1042 5434 1168 5516 before).
