4117 6209
875 732 879 739 .
911 665 995 736 AJ).
1018 670 1115 735 1431.

376 941 583 1031 [Huunnnnr
605 970 649 1014 nn
673 948 1233 1030 PORTBURL‘HAREOLYVE,
1257 971 1298 1014 er
1319 944 1656 1034 BEDMYNSTRE]

308 1069 485 1156 Inquisioio
499 1081 597 1159 capta
611 1076 698 1160 epud
721 1075 933 1142 Yvelchestre
956 1081 1020 1143 etc.
1049 1081 1095 1155 (os
1119 1074 1244 1159 before),
1270 1094 1325 1157 per
1347 1077 1587 1136 sacramentum
1610 1072 1768 1136 Johannis

263 1157 392 1239 Artour,
414 1162 546 1225 Ricsrdi
569 1163 746 1241 Percevale,
769 1164 927 1228 Johannis
949 1165 1074 1247 Longe,
1098 1159 1470 1243 'l'homeWhytyngton,
1486 1158 1645 1222 Johannis
1660 1159 1765 1223 Bade-

263 1252 374 1323 vaunt,
397 1247 555 1312 Johannis
584 1250 837 1335 Glastyngbury,
865 1252 1000 1315 Roberti
1024 1249 1263 1333 Whytyngton‚
1291 1248 1426 1311 Roberti
1453 1244 1589 1326 Ookkes,
1609 1246 1766 1310 Johannis

264 1328 376 1415 Illary‚
387 1332 512 1399 Thome
527 1337 651 1423 Longe,
663 1345 696 1402 et
711 1335 835 1403 Thome
849 1337 1000 1423 Phelpes,
1010 1345 1045 1402 et
1059 1336 1216 1401 Johannis
1227 1336 1335 1418 Mury,
1349 1334 1406 1419 qui
1417 1334 1531 1397 dicunt
1542 1345 1605 1398 etc.
1616 1334 1701 1417 quod
1713 1358 1767 1399 :-

308 1495 475 1580 Ricardus,
491 1521 596 1565 comes
610 1501 651 1566 de
665 1502 857 1583 Warevvike,
872 1502 938 1566 fuit
953 1502 1084 1566 scisitns
1099 1506 1162 1565 etc.
1180 1500 1221 1563 de
1237 1500 1382 1563 manerio
1397 1498 1438 1562 de
1452 1497 1676 1564 Bennrrvsrnn
1691 1519 1766 1563 cum

263 1585 475 1731 peptinenciis
497 1589 575 1668 suis,
600 1597 634 1653 et
655 1589 738 1652 illud
760 1591 943 1654 manerium
966 1610 1041 1653 cum
1067 1590 1133 1652 suis
1155 1586 1365 1671 pertinenciis
1387 1586 1495 1649 tenuit
1517 1606 1574 1669 per
1596 1586 1766 1649 servicium

265 1690 289 1753 1.
321 1694 392 1737 .m.

309 1782 403 1848 Idem
418 1786 585 1866 Ricardus,
601 1810 708 1852 comes
723 1791 762 1852 de
777 1789 965 1866 warwike,
981 1800 1016 1852 et
1031 1787 1173 1852 Thomas
1189 1756 1287 1850 Helle
1302 1786 1341 1849 de
1357 1784 1536 1848 Bredeford
1552 1786 1586 1847 in
1608 1787 1767 1849 comitatu

265 1870 458 1955 wiltescire,
469 1876 620 1960 armiger,
629 1876 761 1940 fuerunt
773 1879 877 1941 seisiti
892 1883 954 1942 etc.
963 1877 1004 1940 de
1015 1876 1111 1939 certis
1123 1876 1219 1939 terris
1231 1882 1265 1938 et
1276 1873 1474 1937 tenementis
1486 1872 1520 1934 in
1534 1873 1765 1954 Poarnsnnna,

265 1964 300 2020 et
314 1959 429 2023 eadem
445 1966 546 2025 terras
561 1969 595 2026 et
608 1969 798 2028 tenementa
812 1970 988 2028 tenuerunt
1002 1984 1059 2047 per
1074 1963 1246 2027 servicium
1262 1966 1374 2024 octeve
1389 1960 1491 2044 partis
1506 1959 1531 2046 j.
1549 1960 1571 2025 f.
1587 1981 1632 2026 m.

308 2094 383 2159 Dux
398 2097 544 2176 Eboraci,
561 2099 644 2162 infra
657 2104 781 2165 etatem
797 2103 882 2165 etin
898 2101 1044 2164 custodia
1058 2100 1183 2164 domini
1197 2099 1284 2183 regis
1298 2099 1452 2174 existens,
1470 2096 1533 2159 tuit
1556 2097 1686 2161 scisitus
1701 2103 1765 2164 etc.

264 2182 305 2244 de
338 2186 484 2248 manerio
515 2186 555 2249 dc
587 2188 699 2254 Esrorv
732 2209 806 2251 cum
839 2189 1051 2272 pertinenciis
1084 2189 1162 2265 suis,
1192 2192 1227 2249 et
1263 2185 1345 2249 illud
1379 2186 1559 2247 manerium
1587 2204 1661 2248 cum
1700 2186 1766 2248 suis

264 2272 476 2351 pertinenciis
491 2275 598 2337 tenuit
613 2296 671 2357 per
686 2278 858 2339 servicium
873 2284 988 2359 quarte
1004 2277 1106 2359 partis
1121 2275 1144 2359 j.
1160 2273 1183 2339 f.
1199 2295 1244 2339 m.

308 2407 461 2487 Jacobus,
483 2411 634 2475 dominus
666 2413 706 2475 de
739 2412 905 2496 Berkeley,
928 2413 967 2475 de
1002 2411 1158 2495 Berkeley
1180 2412 1214 2474 in
1237 2410 1397 2473 comitatu
1420 2407 1638 2488 Gloucestrie,
1661 2410 1768 2490 miles,

266 2490 331 2557 fuit
362 2498 494 2561 seisitus
523 2505 585 2562 etc:
619 2501 660 2563 de
689 2502 835 2564 manerio
868 2500 909 2563 de
942 2501 1140 2566 Ponrnnuav
1170 2518 1244 2561 curn
1277 2497 1345 2559 suis
1376 2496 1593 2579 pertinenciis,
1617 2503 1651 2561 et
1683 2498 1766 2561 illud

265 2586 445 2647 manerium
460 2607 534 2649 cum
551 2588 760 2671 pertinenciis
774 2588 841 2651 suis
856 2589 967 2651 tenuit
981 2608 1038 2671 per
1053 2586 1225 2650 servicium
1241 2590 1356 2668 quarte
1372 2584 1473 2667 partis
1488 2582 1512 2669 j.
1529 2582 1553 2647 f.
1570 2606 1616 2649 m.

308 2719 513 2786 Theobnldus
535 2724 668 2810 Gorges,
691 2726 797 2802 miles,
818 2726 859 2787 de
882 2724 1054 2788 Wroshale
1076 2725 1111 2787 in
1133 2723 1295 2786 comitatu
1327 2720 1519 2799 Somersete,
1541 2719 1605 2783 fuit
1636 2722 1768 2785 seisitus

267 2813 331 2874 etc.
354 2808 394 2873 de
416 2814 561 2875 manerio
582 2813 623 2876 de
645 2814 838 2879 Wnoxrrrnn
860 2834 961 2878 suxvs
983 2813 1149 2877 Bmsronn
1171 2830 1245 2872 cum
1269 2809 1334 2871 suis
1357 2808 1578 2892 pertinenciis,
1611 2814 1645 2873 et
1680 2809 1765 2873 illud

267 2898 448 2961 manerium
462 2919 536 2961 cum
553 2902 619 2963 suis
634 2901 847 2983 pertinenciis
861 2902 970 2965 tenuit
985 2920 1041 2983 per·
1057 2899 1231 2963 servicium
1246 2896 1435 2959 medietatis
1450 2896 1474 2980 j.
1491 2896 1515 2961 f.
1532 2916 1578 2960 m.

311 3032 475 3100 Walterus
490 3034 642 3119 Rodeney
657 3036 697 3100 de
710 3036 898 3101 Baklrcvell
914 3036 948 3098 in
971 3037 1132 3099 comitatu
1156 3035 1350 3111 Somersete,
1366 3032 1451 3095 infra
1471 3037 1592 3096 etatem
1615 3034 1768 3114 existens,

266 3118 332 3182 fuit
365 3122 497 3185 seisitue
526 3131 589 3186 etc.
612 3128 653 3186 de
683 3126 828 3186 manerio
860 3124 901 3186 de
934 3124 1143 3188 Bsmcvvnnn
1174 3143 1249 3185 cum
1284 3121 1350 3182 suis
1384 3120 1603 3202 pertinenciis,
1628 3130 1661 3184 et
1683 3121 1766 3183 illud

266 3208 448 3270 manerium
462 3230 537 3271 cum
554 3212 619 3273 suis
635 3212 845 3293 pertinenciis
859 3212 968 3273 tenuit
983 3232 1039 3293 per
1054 3210 1225 3274 servicium
1241 3207 1429 3271 medietatis
1443 3206 1468 3291 j.
1485 3206 1509 3271 f.
1526 3228 1571 3271 m.

310 3342 475 3407 Johannes
496 3346 625 3432 Rogger
647 3348 687 3411 de
710 3347 909 3430 Bryaneston
931 3349 967 3409 in
989 3348 1149 3409 comitatu
1171 3346 1316 3422 Dorscte,
1332 3342 1535 3422 marchaunt,
1552 3344 1615 3406 ruit
1638 3345 1768 3409 seisitus

268 3435 331 3494 etc.
348 3431 389 3493 de
409 3433 554 3495 manerio
569 3435 609 3498 de
625 3434 801 3501 Onrvnnorv
817 3455 892 3497 cum
915 3434 981 3497 suis
1003 3433 1222 3518 pertinenciis,
1238 3437 1273 3496 et
1293 3430 1377 3493 illud
1401 3432 1580 3493 manerium
1603 3450 1678 3493 num
1701 3434 1768 3495 suis

267 3518 475 3600 pertinenciis
490 3523 599 3584 tenuit
613 3542 671 3605 per
685 3524 855 3586 servicium
870 3521 1058 3585 medietatis
1073 3521 1098 3607 j.
1114 3520 1137 3585 f.
1154 3541 1200 3585 m.

261 3677 264 3681 ·
312 3650 452 3716 Thomas
474 3653 630 3738 Berkeley
653 3656 694 3719 de
716 3654 885 3737 Tykenam
906 3656 942 3717 in
964 3656 1125 3717 comitatu
1150 3654 1341 3729 Somersete,
1363 3652 1514 3737 armiger,
1541 3652 1606 3715 fuit
1638 3655 1768 3717 seisitus

267 3744 330 3805 etc.
354 3743 395 3805 de
418 3744 562 3805 manerio
583 3744 624 3805 de
647 3744 832 3808 Tereum
855 3763 930 3806 cum
952 3742 1018 3805 suis
1041 3741 1259 3825 pertinenciis,
1290 3746 1323 3802 et
1357 3740 1439 3803 illud
1474 3742 1656 3804 manerium
1691 3762 1765 3805 cum

267 3830 335 3891 suis
349 3829 558 3912 pertinenciis
573 3832 680 3893 tenuit
695 3851 751 3915 per
765 3830 938 3893 servicium
953 3836 1066 3893 octave
1081 3830 1183 3913 partis
1197 3830 1220 3915 j
1238 3829 1262 3894 f.
1280 3849 1325 3893 m.

311 3966 474 4030 Johannes
489 3968 608 4031 Artem
628 3969 668 4031 de
691 3967 829 4052 Olopton
851 3968 887 4029 in
908 3969 1069 4031 comitatu
1085 3964 1278 4046 Somersete,
1294 3966 1447 4050 armiger,
1462 3964 1528 4029 fuit
1550 3966 1681 4031 seisitus
1703 3973 1766 4031 etc.

266 4055 308 4117 de
331 4056 476 4118 manerio
496 4054 538 4117 de
554 4055 703 4123 Onorrorv
718 4076 819 4121 ruxrr
834 4056 1010 4121 Ponrnuev
1024 4076 1100 4118 cum
1115 4055 1181 4117 suis
1203 4054 1425 4137 pertinenciis,
1440 4058 1474 4116 et
1489 4052 1572 4116 illud
1588 4054 1769 4118 manerium

269 4162 345 4205 oum
360 4143 427 4205 suis
441 4145 652 4225 pertinenciis
666 4145 776 4206 tenuit
790 4164 846 4227 per
862 4144 1035 4206 servicium
1051 4143 1177 4205 decime
1193 4143 1295 4225 partis
1310 4140 1335 4227 j
1351 4140 1373 4205 f.
1389 4162 1435 4205 m.

314 4280 472 4345 Ricardus
494 4280 616 4344 Grovill
639 4282 679 4345 de
695 4281 824 4345 Walton
848 4283 883 4344 in
905 4283 1068 4344 comitatu
1085 4279 1278 4357 Somersete,
1296 4278 1448 4362 armiger,
1462 4277 1528 4341 fuit
1551 4278 1682 4343 seisitue
1706 4285 1769 4344 etc.

267 4368 307 4431 de
339 4369 483 4432 manerio
515 4368 555 4431 de
585 4369 730 4437 Wsnrorv
763 4367 838 4432 crim
869 4370 935 4431 suis
965 4368 1186 4451 pertinenciis,
1220 4372 1255 4429 et
1287 4365 1370 4429 illud
1401 4366 1580 4428 manerium
1603 4387 1678 4429 cum
1701 4369 1768 4430 suis

269 4456 480 4538 pertinenciis
494 4458 603 4519 tenuit
618 4477 676 4541 per
691 4457 862 4520 servicium
877 4456 1003 4519 decime
1018 4455 1122 4539 partis
1136 4455 1160 4541 j.
1176 4456 1198 4519 f.
1215 4475 1260 4518 m.

314 4568 353 4630 In
368 4567 461 4655 cujus
478 4568 527 4631 rei
541 4577 603 4633 etc.

507 4729 713 4819 [Hesperus
735 4756 779 4800 ne
802 4735 1045 4803 OROUKERN
1069 4756 1110 4801 nr
1132 4729 1537 4819 HOUNDESBURGH]

313 4871 490 4955 Inquisicio
511 4877 608 4955 capta
628 4871 716 4956 apud
732 4872 940 4936 Yvelchestre
961 4878 1023 4938 etc.
1048 4877 1096 4952 (os
1119 4873 1245 4955 before),
1268 4891 1327 4954 per
1349 4876 1589 4934 sacramentum
1611 4870 1770 4938 Willelmi

271 4958 423 5037 Boumel,
459 4958 618 5026 Willelmi
655 4959 816 5038 Malosell‚
852 4959 1010 5028 Willelmi
1027 4991 1031 4998 ·
1048 4962 1088 5023 de
1129 4959 1209 5043 Hey,
1249 4957 1380 5021 Roberti
1419 4955 1576 5035 Grukem,
1612 4957 1771 5024 Johannis

269 5045 407 5125 Botsler,
438 5043 597 5111 Johannis
629 5046 749 5125 Smert‚
780 5046 936 5116 Willelmi
971 5047 1087 5125 Forde,
1116 5045 1275 5109 Johannis
1307 5044 1442 5129 Virgyn,
1479 5044 1638 5108 Johannis
1675 5046 1769 5128 Neel,

269 5132 428 5197 Johannis
446 5133 543 5210 irene,
559 5132 689 5197 Ricardi
703 5134 809 5215 Siade,
825 5140 860 5198 et
875 5133 1036 5198 Johannis
1052 5134 1195 5214 Chilton,
1211 5134 1268 5216 qui
1283 5132 1399 5195 dicunt
1415 5137 1479 5199 etc.
1496 5133 1582 5217 quod
1594 5158 1648 5199 :-

314 5296 419 5374 Anna,
443 5298 617 5360 cometissa
638 5300 711 5383 (sic)
738 5299 893 5377 Dcvonie,
914 5296 980 5361 fuit
1002 5298 1115 5361 scisita
1138 5306 1200 5362 etc.
1223 5297 1264 5361 de
1287 5297 1432 5359 manerio
1453 5295 1493 5359 de
1515 5294 1675 5363 Onomar
1697 5318 1773 5362 cum

268 5382 477 5533 perstinenciis
498 5383 575 5463 suis,
597 5390 632 5448 et
653 5384 736 5449 iilud
758 5386 942 5450 manerium
963 5406 1048 5449 cum·
1061 5388 1129 5450 suis
1152 5384 1363 5470 pertinenciis
1388 5384 1497 5447 tenuit
1519 5402 1577 5467 per
1599 5384 1769 5449 servicium

271 5490 297 5557 1.
329 5492 401 5539 .m.
