4117 6209
270 640 341 707 482
902 646 1155 721 SOMERSE'I‘.

311 925 450 992 Thomas
466 927 604 995 Bratton
619 934 661 995 de
678 933 814 999 Bratton
829 937 865 999 in
881 938 1042 1001 comitatu
1060 938 1250 1016 Somersete,
1265 938 1418 1022 armiger,
1433 934 1642 1021 {uitreisitue
1655 938 1718 1000 etc.
1734 933 1774 995 de

270 1016 368 1077 certis
392 1017 485 1079 terris
508 1023 542 1080 et
567 1025 767 1087 tenementis
792 1026 826 1087 in
852 1025 1017 1104 errou,
1043 1034 1077 1089 et
1100 1026 1157 1088 illa
1182 1030 1284 1090 terras
1308 1032 1343 1089 et
1369 1030 1557 1088 tenementa
1582 1022 1694 1085 tenuit
1719 1040 1774 1104 per

270 1102 440 1165 servicium
455 1106 641 1170 medietatis
655 1111 680 1193 j.
697 1111 720 1173 l.
736 1133 782 1177 m.

315 1238 357 1302 In
372 1240 465 1323 cujus
480 1244 524 1304 rei
539 1247 766 1310 testimonium
782 1257 843 1313 etc.

314 1374 400 1437 item
426 1377 563 1459 predicti
587 1381 744 1464 juratores
770 1386 885 1447 dicunt
912 1387 996 1470 quod
1025 1386 1205 1449 Willelmue
1232 1386 1371 1448 Everard
1395 1386 1435 1447 de
1461 1384 1537 1447 Alre
1564 1386 1597 1445 in
1628 1381 1772 1465 predicto

269 1463 428 1525 comitatu
443 1465 637 1544 Somersete,
647 1469 836 1552 jentilman,
854 1473 917 1534 fuit
932 1474 1063 1536 scisitus
1080 1488 1141 1536 etc.
1158 1474 1198 1536 de
1220 1475 1318 1537 certis
1341 1472 1436 1535 terris
1459 1477 1491 1533 et
1515 1472 1714 1534 tenementis
1737 1471 1771 1532 in

270 1550 577 1725 ¹Ilrlvpuripgp{pisssjurpspn
590 1556 758 1636 Evansnn,
786 1567 820 1621 et
846 1560 958 1622 eadem
983 1566 1083 1622 terras
1108 1568 1142 1624 et
1169 1566 1356 1624 teuementa
1384 1561 1493 1631 tenuit
1522 1578 1578 1641 per
1603 1559 1772 1621 servicium

638 2062 875 2152 [Honorannn
898 2084 942 2129 on
967 2063 1116 2132 SOUTH
1139 2060 1407 2151 Parnason]

311 2200 487 2285 Inquisicio
501 2206 596 2284 capta
608 2202 695 2285 apud
711 2200 919 2265 Yvelchestre
934 2204 969 2265 in
983 2209 1142 2266 comitatu
1158 2201 1341 2265 Somersete
1357 2203 1410 2265 die
1426 2202 1517 2265 Lune
1532 2205 1678 2286 proxima
1699 2206 1773 2287 post

269 2287 391 2351 festum
416 2286 528 2351 Sancti
555 2286 744 2370 Clementis,
759 2310 853 2372 pape,
867 2309 953 2352 anno
977 2292 1067 2374 regni
1093 2290 1178 2373 regis
1206 2290 1337 2353 Henrioi
1362 2291 1444 2352 sexti
1472 2296 1546 2372 post
1560 2298 1772 2372 conquestum

269 2376 407 2453 decimo,
423 2396 529 2439 coram
545 2374 667 2439 Thoma
684 2376 824 2454 Stowell,
835 2384 897 2441 eto.
913 2382 960 2456 (aa
976 2378 1102 2460 before),
1114 2399 1170 2460 per
1186 2383 1423 2440 sacramentnm
1438 2375 1596 2439 iohannis
1611 2376 1773 2453 Rodberd‚

269 2460 420 2524 Nicholai
444 2460 534 2540 cass,
557 2461 681 2527 Thome
707 2462 901 2539 Bikkombe,
924 2464 1084 2528 Johannis
1111 2465 1311 2549 Hardegrey,
1326 2462 1487 2528 Johannis
1514 2463 1599 2541 Sloo,
1615 2463 1773 2527 Johaunis

270 2549 392 2632 Speler,
416 2548 437 2612 J
439 2547 575 2613 ohannis
600 2550 712 2629 Knolt,
736 2550 870 2614 Roberti
888 2552 1029 2634 Robyns,
1049 2552 1175 2615 Ricardi
1192 2551 1292 2631 Serle,
1308 2549 1464 2615 Johannis
1480 2551 1596 2634 Aleyn,
1612 2549 1772 2617 Johannis

269 2636 372 2719 Peny,
388 2642 422 2699 et
439 2637 568 2700 Henrici
584 2639 696 2715 Trute,
711 2640 768 2721 qui
783 2639 898 2702 dicunt
912 2660 1007 2723 super
1023 2645 1263 2703 sacramentum
1280 2659 1375 2702 suum
1390 2639 1476 2720 quod
1487 2660 1539 2701 :-

312 2809 468 2873 Robertus
484 2809 681 2894 Totynham,
695 2812 801 2889 miles,
823 2812 863 2875 de
878 2813 1052 2898 Oxebrngg
1066 2816 1100 2875 in
1116 2815 1276 2877 comitatu
1290 2809 1507 2890 Northfolkie,
1529 2814 1669 2897 armiger
1687 2814 1769 2890 (sic),

268 2898 322 2959 die
347 2898 482 2960 Veneris
513 2900 658 2982 proxima
686 2906 762 2962 ante
794 2900 915 2963 fertum
947 2900 1060 2965 Sancti
1090 2900 1223 2963 Hillarii
1253 2900 1371 2963 ultimo
1400 2901 1554 2983 preterita
1582 2900 1770 2964 antediem

272 2986 434 3069 capcionis
456 2983 555 3070 hujus
576 2987 808 3069 inquisicionis‚
822 2988 888 3050 fuit
909 2989 1040 3051 seisitus
1055 2990 1090 3051 in
1105 2988 1278 3065 dominico,
1295 2995 1333 3050 ut
1348 2988 1388 3049 de
1404 2986 1503 3049 libem
1519 2993 1716 3066 tenemento,
1730 2986 1771 3051 de
1858 3060 1869 3077 ⁶

270 3075 414 3136 manerio
449 3071 490 3134 de
528 3073 716 3139 Ranawann
753 3095 828 3137 oum
866 3076 1075 3158 pertinenciis
1105 3078 1184 3152 suis,
1213 3082 1247 3138 et
1278 3075 1359 3137 illud
1388 3074 1572 3137 manerium
1601 3094 1675 3137 cum
1705 3076 1771 3137 suis

268 3161 475 3243 pertinenciis
490 3161 604 3223 eodem
620 3161 674 3225 die
688 3160 822 3225 Veneris
838 3164 947 3225 tenuit·
962 3184 1020 3248 per
1035 3164 1205 3226 servicium
1220 3163 1408 3226 medietatis
1423 3163 1448 3248 j.
1464 3162 1488 3227 f.
1504 3183 1549 3227 m.

311 3296 452 3361 Thomas
480 3298 692 3383 Beauchamp,
708 3300 811 3379 miles,
826 3302 867 3365 de
894 3297 984 3364 Whit
1014 3300 1210 3386 Lakyngton
1240 3303 1274 3363 in
1306 3302 1465 3364 comitatu
1496 3302 1677 3363 Somersete
1707 3300 1771 3361 fuir

268 3386 396 3448 seisitus
425 3392 488 3451 etc.
519 3386 559 3449 de
587 3390 731 3450 manerio
760 3388 800 3451 de
829 3389 898 3455 Esr
928 3390 1152 3455 Lmssnoom
1178 3410 1253 3451 cum
1284 3388 1494 3471 pertinenciis
1525 3388 1603 3465 suis,
1628 3396 1664 3451 et
1689 3385 1770 3449 illud

269 3474 449 3536 manerium
463 3494 539 3536 cum
553 3476 619 3536 suis
633 3475 843 3558 pertinenciis
859 3478 969 3539 tenuit
983 3498 1041 3560 per
1056 3477 1228 3540 servicium
1244 3482 1357 3559 quarte
1374 3476 1476 3559 partis
1487 3474 1513 3557 j.
1530 3474 1552 3539 i.
1568 3495 1614 3543 m.

312 3610 491 3673 Alexander
515 3610 555 3674 de
581 3610 612 3672 la
635 3611 760 3694 Lynde,
783 3614 935 3698 armiger,
960 3614 999 3675 de
1025 3613 1223 3697 Dynyngton
1250 3614 1284 3675 in
1312 3613 1469 3675 comitatu
1497 3610 1680 3675 Somersete
1707 3610 1771 3673 init

268 3698 474 3762 seisitusetc.
491 3697 531 3760 de
547 3700 690 3762 manerio
715 3698 755 3761 de
784 3699 938 3766 Snnmon
962 3702 1167 3766 Bmuouanr
1192 3721 1267 3763 oum
1293 3700 1359 3763 suis
1385 3699 1607 3781 pertinenciis,
1633 3705 1667 3761 et
1690 3696 1770 3759 illud

270 3787 451 3848 manerium
466 3805 538 3847 cnm
556 3786 623 3849 auia
637 3786 847 3869 pertinenciis
863 3789 970 3851 tenuit
986 3809 1044 3871 per
1058 3789 1229 3851 servicium
1244 3786 1432 3850 medietatis
1441 3786 1469 3868 j.
1486 3786 1507 3848 l‘.
1524 3807 1570 3850 m.

312 3918 486 3983 Nicholsus
501 3919 622 3996 Reede,
636 3922 786 4004 armiger,
803 3922 844 3985 de
853 3921 946 3985 Whit
962 3922 1123 3986 Staunton
1140 3923 1176 3985 iu
1191 3922 1352 3985 comitatu
1367 3920 1548 3983 Somersete
1563 3920 1629 3982 fuit
1643 3919 1772 3983 seisitus

270 4016 332 4072 etc.
348 4008 388 4071 (le
402 4009 546 4070 manerio
562 4007 603 4069 de
618 4008 717 4073 Wrnr
735 4009 907 4075 Susunron
923 4031 997 4074 cum
1013 4012 1080 4073 suis
1095 4010 1316 4093 pertinenciis,
1335 4015 1370 4071 et
1390 4007 1472 4071 illud
1496 4008 1676 4069 manerium
1696 4025 1769 4069 cum

170 4168 177 4179 ,
269 4097 334 4159 suis
350 4096 557 4179 pertinenciis
572 4096 680 4157 tenuit
694 4116 752 4179 per
768 4098 939 4161 servicium
953 4104 1069 4182 quarte
1083 4098 1187 4181 partis
1201 4098 1224 4183 j.
1240 4096 1264 4161 f.
1281 4117 1327 4161 m.

311 4233 476 4298 Johannes
490 4232 706 4317 Beauchamp,
718 4237 871 4320 armiger,
881 4235 922 4298 de
938 4236 1108 4319 Lyllesdon
1125 4236 1159 4299 in
1175 4236 1334 4299 comitatu
1351 4232 1543 4311 Somersete,
1555 4237 1589 4296 et
1604 4232 1772 4296 Florenoia

268 4320 450 4386 Denbavde
464 4320 505 4384 de
520 4320 712 4385 Obafcombe
727 4323 761 4384 in
777 4323 891 4386 eodem
907 4324 1076 4397 comitatu,
1088 4324 1215 4400 vedow,
1230 4322 1362 4386 fuerunt
1380 4322 1482 4384 seisiti
1497 4328 1558 4383 etc.
1572 4320 1612 4382 de
1628 4319 1771 4383 manerio

268 4411 307 4475 de
332 4410 533 4477 Cnarcousa
558 4412 723 4472 eumenis
747 4412 970 4493 pertinenciis,
994 4420 1028 4474 et
1051 4410 1133 4473 illud
1157 4410 1340 4473 manerium
1366 4429 1440 4471 cum
1467 4410 1531 4470 suis
1561 4407 1771 4490 pertinenciis

269 4504 447 4562 tenuerunt
460 4516 518 4579 per
533 4498 702 4559 servicium
717 4506 829 4581 quarte
845 4500 948 4583 partis
961 4500 985 4584 j.
1003 4498 1025 4561 f.
1041 4519 1085 4563 m.

313 4637 493 4700 Alexander
518 4636 559 4699 de
584 4635 616 4698 la
639 4636 762 4718 Lynde‚
776 4638 928 4720 armiger,
946 4637 988 4700 de
1016 4636 1217 4721 Dynyngton
1242 4635 1277 4697 in
1303 4635 1463 4697 comitatu
1488 4632 1681 4709 Somersete,
1706 4632 1771 4693 fuit

269 4726 399 4789 seisitus
414 4735 476 4787 etc.
492 4724 533 4785 de
558 4724 701 4786 manerio
726 4723 768 4786 de
789 4724 993 4790 Drnvnerorv
1017 4744 1091 4785 cum
1117 4724 1183 4787 suis
1209 4722 1430 4805 pertinenciis,
1444 4726 1477 4783 et
1493 4720 1574 4782 illud
1590 4720 1769 4782 manerium

269 4834 343 4876 cum
358 4814 424 4875 auis
439 4811 650 4893 pertinenciis
665 4811 774 4873 tenuit
788 4831 845 4893 per
860 4812 1032 4874 servicium
1048 4818 1163 4895 quarte
1180 4810 1282 4893 partis
1297 4810 1321 4895 j.
1340 4807 1362 4871 i.
1378 4829 1423 4872 m.

311 4949 473 5012 Johaunes
489 4945 625 5031 Speelre,
638 4947 787 5031 armiger,
801 4947 946 5011 existens
959 4950 994 5010 in
1011 4946 1156 5031 partibus
1174 4945 1396 5009 transmarinis
1411 4944 1445 5006 in
1470 4942 1625 5005 comitiva
1647 4942 1769 5005 domini

269 5039 366 5120 regis,
391 5036 457 5099 suit
481 5035 613 5097 seisitus
637 5040 699 5099 etc.
726 5034 766 5097 de
797 5037 941 5097 manerio
970 5038 1011 5097 de
1039 5036 1237 5100 Dour-:arsen
1264 5034 1368 5099 Wsan
1396 5038 1430 5093 et
1457 5030 1665 5097 Gonnwonrs
1696 5050 1768 5091 eum

268 5124 477 5209 pertinenciis
491 5124 569 5198 suis,
581 5130 615 5183 et
629 5120 688 5182 illa
701 5122 933 5184 maneriarum
950 5124 1018 5185 suis
1031 5123 1242 5204 pertinenciis
1259 5121 1367 5183 tenuit
1382 5138 1440 5200 per
1455 5118 1626 5181 servicium
1642 5117 1667 5201 j.
1682 5115 1705 5180 l.
1723 5136 1768 5180 m.

311 5260 504 5339 Willelmus,
521 5260 673 5323 dominus
695 5257 734 5321 de
762 5257 934 5336 Botreaux,
949 5260 988 5323 de
1003 5260 1080 5322 Alre
1104 5261 1138 5321 in
1164 5258 1324 5321 comitatu
1348 5255 1541 5330 Somersete‚
1561 5254 1624 5316 luit
1641 5256 1770 5317 seisitus

267 5358 330 5414 etc.
367 5349 407 5411 de
444 5350 576 5415 Carnus
614 5346 725 5411 Tonas
754 5366 829 5408 cum
859 5347 925 5409 suis
956 5348 1174 5431 pertinenciis,
1206 5354 1241 5408 et
1271 5343 1351 5405 illud
1382 5343 1566 5405 manerium
1598 5362 1673 5403 oum
1704 5342 1769 5403 suis

268 5436 478 5521 pertinenciis
494 5437 600 5499 tenuit
616 5454 672 5517 per
686 5434 860 5497 servicium
874 5441 989 5515 quarte
1005 5436 1107 5517 partis
1121 5434 1145 5519 j.
1162 5435 1184 5497 t.
1202 5453 1247 5497 m.
