4117 6209
916 653 1001 722 A.D.
1025 655 1164 720 1401-2.
1715 651 1792 716 -l‘IB

328 937 371 998 Et
387 936 427 1000 de
442 937 511 1023 ijs.
529 943 668 1023 receptis
681 941 722 1006 de
736 942 886 1006 Johanne
902 944 1028 1006 Hulton
1043 949 1078 1007 et
1092 943 1239 1006 Johanne
1257 942 1341 1025 Bray
1356 962 1415 1025 pro
1429 942 1472 1006 xl.
1488 941 1636 1005 solidatis
1651 945 1737 1004 terre
1752 943 1785 1003 in

286 1023 399 1090 Oaros
416 1027 518 1089 tentis
533 1028 573 1092 de
588 1030 719 1092 domino
733 1051 807 1115 rege
823 1033 891 1094 sine
905 1032 1013 1096 medio
1026 1051 1085 1114 per
1101 1031 1290 1114 serjantiam
1305 1039 1369 1094 etc.

330 1165 373 1228 Et
388 1167 428 1229 de
444 1190 508 1233 v.s.
523 1172 661 1253 receptis
672 1171 712 1233 de
725 1173 869 1235 manerio
880 1173 920 1236 de
932 1174 1139 1238 Bnovonrorv
1152 1171 1340 1246 Manumrz,
1352 1170 1437 1252 quod
1452 1169 1493 1232 ad
1510 1170 1582 1234 xli.
1599 1171 1788 1233 extenditur

284 1273 488 1336 perannum,
505 1261 597 1320 tento
613 1258 653 1320 de
668 1258 801 1322 domino
815 1280 892 1344 rege
907 1261 976 1322 sine
993 1260 1102 1322 medio
1116 1279 1174 1342 per
1191 1258 1381 1344 serjantiam
1397 1263 1460 1321 etc.

328 1401 372 1464 Et
386 1401 427 1465 de
442 1425 526 1469 xxa.
543 1407 683 1488 receptis
697 1407 739 1470 de
755 1405 873 1470 herede
889 1407 1005 1490 Rogeri
1023 1404 1158 1488 Quenoy
1174 1425 1232 1488 pro
1247 1406 1270 1490 j.
1287 1406 1310 1470 f.
1327 1425 1371 1470 m.
1387 1407 1421 1467 in
1438 1405 1621 1470 Cnvrvrvons
1637 1409 1729 1467 tento
1743 1403 1784 1467 de

285 1508 360 1571 rege
376 1491 430 1556 i.c.
446 1493 516 1554 sine
530 1492 639 1555 medio
654 1499 716 1558 etc.

329 1625 373 1688 Et
388 1626 428 1688 de
444 1647 528 1692 xxa.
544 1630 684 1711 receptis
699 1629 739 1692 de
753 1628 911 1692 Nicholao
925 1629 1032 1691 Meles
1047 1650 1105 1712 pro
1120 1630 1145 1715 j.
1163 1629 1185 1694 f.
1203 1649 1248 1694 m.
1265 1629 1298 1690 in
1314 1629 1480 1693 Euvnrov
1497 1631 1590 1690 tento
1604 1627 1644 1692 de
1660 1648 1734 1713 rege
1750 1630 1784 1691 in

284 1713 390 1794 capite
405 1713 475 1777 sine
491 1715 599 1778 medio
613 1721 676 1778 etc.

328 1849 372 1911 Et
387 1850 427 1913 de
443 1873 507 1917 xe.
524 1821 665 1936 receptis
679 1853 720 1918 de
734 1854 884 1938 episcopo
900 1853 1129 1916 sarisburiensi
1145 1854 1264 1936 prodi.
1285 1854 1308 1917 i.
1324 1875 1369 1918 m.
1393 1855 1427 1916 in
1445 1851 1626 1918 Dsnnsrox
1642 1857 1734 1917 tento
1747 1853 1786 1916 de

285 1956 360 2021 rege
371 1938 425 2006 i.c.
441 1941 512 2001 sine
526 1942 636 2003 medio
651 1946 713 2005 etc.

327 2073 371 2136 Et
387 2075 427 2139 de
442 2075 544 2162 iiij.li.
569 2099 632 2143 xa.
659 2080 798 2162 receptis
824 2079 865 2142 de
888 2077 1003 2142 herede
1029 2078 1152 2141 Thome
1179 2079 1301 2162 Grayly
1326 2098 1384 2161 pro
1409 2078 1484 2165 iiij0‘
1504 2077 1528 2142 f.
1544 2099 1588 2142 m.
1615 2082 1650 2140 et
1675 2078 1722 2146 di.
1751 2079 1782 2141 in

285 2162 437 2228 Pvnvros
452 2167 555 2228 tentis
569 2165 609 2228 de
623 2186 700 2251 rege
715 2167 768 2232 i-c.
786 2167 856 2230 sine
871 2166 980 2229 medio
994 2172 1059 2231 etc.

329 2310 372 2372 Et
397 2309 437 2374 de
463 2333 529 2377 x.s.
555 2318 700 2396 receptis
726 2313 767 2377 de
793 2311 912 2377 herede
938 2313 1100 2380 Willelmi
1123 2313 1163 2377 de
1186 2313 1356 2396 Hampton
1381 2333 1438 2396 pro
1453 2313 1499 2380 di.
1516 2313 1539 2379 i.
1556 2335 1601 2378 m.
1617 2313 1732 2377 invilla
1747 2312 1787 2376 de

283 2397 447 2465 Hauerorv
463 2404 557 2462 tento
572 2400 613 2463 de
628 2420 703 2484 rege
718 2402 772 2466 i.c.
788 2402 858 2464 sine
873 2401 983 2464 medio
998 2407 1063 2465 ete.

327 2546 368 2608 Et
384 2546 424 2609 de
440 2569 504 2612 x.s.
521 2551 657 2632 receptis
672 2550 712 2613 de
726 2549 890 2614 Aimarico
915 2549 956 2612 de
983 2547 1104 2611 Sancto
1131 2547 1290 2626 Amando,
1314 2544 1469 2627 chivaler,
1497 2567 1555 2631 pro
1578 2549 1623 2611 di.
1639 2549 1663 2614 i.
1679 2569 1724 2614 m.
1751 2551 1784 2611 in

285 2634 487 2700 Assnnavav
501 2641 593 2699 tento
607 2637 647 2701 de
662 2657 736 2721 rege
751 2637 805 2701 ic.
822 2638 891 2701 sine
906 2635 1017 2699 medio
1031 2641 1096 2700 etc.

300 2859 307 2872 ι
328 2771 371 2833 Et
385 2771 507 2923 dedice.
522 2775 663 2857 receptis
679 2775 719 2838 de
734 2774 848 2837 eodem
864 2773 1026 2837 Almarico
1041 2792 1099 2855 pro
1114 2771 1160 2835 di.
1177 2769 1199 2833 f.
1215 2792 1260 2836 m.
1272 2771 1305 2833 in
1322 2771 1459 2837 Bnoxsu
1477 2777 1567 2836 tento
1582 2773 1623 2835 de
1639 2794 1714 2858 rege
1730 2774 1783 2839 ie.

282 2879 350 2921 sine
364 2879 417 2922 me
444 2861 472 2923 'o
486 2867 549 2924 etc.

325 2995 371 3058 Et
385 2996 426 3059 de
441 3019 470 3062 x.
478 3022 503 3062 a.
519 2999 658 3080 receptis
670 2972 713 3061 de
728 2997 846 3062 abbate
860 2998 902 3062 de
927 2998 1088 3065 Circestre
1115 3017 1170 3080 pro
1196 2996 1242 3062 di.
1258 2995 1281 3060 f.
1299 3017 1343 3060 m.
1369 2997 1404 3059 in
1431 2996 1510 3060 villa
1535 2997 1575 3061 de
1599 2998 1783 3065 Cracxsran

284 3089 376 3147 tento
391 3085 432 3147 de
446 3106 523 3170 rege
537 3087 590 3150 i.c.
608 3087 679 3149 sine
693 3087 806 3150 medio
822 3094 885 3150 etc.

326 3221 370 3284 Et
385 3221 426 3285 de
442 3244 523 3288 xxc.
539 3224 679 3306 receptis
693 3222 734 3286 de
750 3191 895 3286 Hernico
910 3222 1081 3306 Haggeley
1098 3240 1155 3304 pro
1174 3219 1201 3304 j.
1217 3221 1239 3284 f.
1257 3241 1302 3285 m.
1331 3222 1365 3283 in
1392 3222 1596 3286 Aasnnaunv
1621 3223 1783 3306 quondam

290 3307 479 3395 [willelmi]
498 3310 657 3394 hingerus
676 3312 737 3388 (ie.
755 3310 924 3394 Linguire)
944 3316 1038 3372 tento
1053 3310 1093 3371 de
1108 3327 1185 3392 rege
1200 3309 1253 3372 ic.
1271 3308 1340 3370 sine
1356 3309 1464 3370 medio
1479 3315 1541 3374 etc.

325 3445 369 3510 Et
384 3446 425 3510 de
439 3445 542 3512 xixd.
559 3455 594 3530 q¹¹
614 3449 755 3531 receptis
770 3447 810 3509 de
826 3445 953 3509 Thema
979 3445 1109 3509 Pachon
1135 3465 1193 3528 pro
1219 3446 1318 3508 certis
1340 3445 1438 3507 terris
1464 3451 1498 3508 et
1523 3448 1723 3510 tenementis
1748 3449 1783 3511 in

282 3532 444 3599 Bnoxnsn
458 3534 561 3597 tentis
576 3534 617 3597 de
632 3555 706 3616 rege
721 3536 774 3600 i.c.
791 3535 862 3596 sine
877 3534 985 3597 medio
999 3535 1036 3595 in
1050 3533 1179 3614 socagio
1193 3552 1251 3615 per
1276 3533 1445 3596 servicium
1471 3532 1627 3595 reddendi
1650 3530 1782 3615 xxxijs.

283 3640 340 3701 per
353 3641 488 3684 annum.

784 3759 807 3825 i.
823 3757 986 3844 m.-xiij.
1002 3757 1025 3820 f.
1041 3763 1076 3820 et
1091 3778 1141 3823 xx.
1157 3776 1231 3839 pars
1241 3754 1268 3839 j.
1286 3755 1309 3821 f.
1326 3776 1384 3835 m.,
1401 3755 1511 3841 xiijdi.
1527 3756 1622 3841 xiid.

784 3852 868 3909 terre
881 3852 916 3910 et
931 3850 1118 3908 tenementa
1134 3845 1166 3906 in
1185 3845 1323 3927 socagio,
1339 3844 1431 3907 xxii.
1448 3843 1537 3928 xijs.

412 3801 548 3865 Summa
567 3802 736 3866 feodorum
765 3765 778 3911 Ι

714 3985 850 4046 Summa
865 3989 994 4067 recepte
1004 3984 1154 4048 :—xv.li.
1171 3979 1283 4047 xixd..
1296 3988 1338 4064 q‘.

326 4171 371 4234 Et
385 4178 557 4235 onerantur
571 4193 668 4257 super
682 4181 870 4256 compotum
885 4173 926 4236 de
941 4195 1022 4238 xxa.
1039 4171 1079 4236 de
1094 4171 1218 4235 auxilio
1233 4173 1447 4256 contingente
1470 4171 1493 4254 j.
1510 4171 1533 4235 f.
1551 4193 1596 4238 m.
1625 4194 1682 4256 pro
1705 4175 1783 4237 villa

282 4259 322 4321 de
337 4259 539 4325 Lacuvrvnorv
554 4263 588 4323 in
604 4262 767 4324 comitatu
783 4261 930 4344 predicto
944 4282 1041 4345 quam
1058 4260 1221 4323 Henricus
1236 4258 1415 4344 Grepynell
1432 4259 1594 4343 quondam
1616 4264 1725 4324 tenuit
1740 4263 1782 4326 de

281 4365 356 4429 rege
379 4349 448 4410 sine
474 4348 582 4410 medio
607 4368 664 4431 per
687 4350 860 4412 servicium
884 4347 911 4432 j.
927 4346 948 4411 f.
965 4369 1011 4412 m.
1040 4349 1125 4411 siout
1152 4348 1341 4410 continetur
1361 4347 1395 4408 in
1411 4348 1626 4409 memorandis
1641 4346 1681 4410 de
1697 4369 1782 4412 anno

280 4433 420 4515 septimo
434 4435 519 4518 regis
528 4435 677 4498 Edwardi
690 4437 783 4498 tercii
799 4436 832 4500 in
848 4435 954 4498 rotulo
965 4455 1005 4498 oe
1016 4435 1143 4497 releviis
1153 4456 1192 4497 ex
1204 4437 1295 4517 parte
1306 4434 1566 4497 rememoratoris
1577 4432 1781 4500 thesaurarii.

325 4583 369 4646 Et
383 4589 558 4648 onerantur
572 4584 612 4647 de
626 4585 703 4671 ij.d.
720 4587 767 4651 ob.
784 4586 824 4650 de
838 4585 1027 4669 hujusmodi
1054 4587 1176 4648 auxilio
1201 4585 1412 4670 contingente
1437 4595 1492 4648 c⁸¹¹²
1509 4591 1635 4668 partem
1659 4586 1681 4667 j.
1697 4586 1720 4650 i.
1737 4610 1782 4654 m.

282 4689 339 4752 pro
353 4670 390 4756 ij.
408 4673 583 4757 mesuagiis
598 4683 634 4735 et
648 4673 696 4758 iij.
712 4675 794 4736 acris
809 4680 894 4736 terre
909 4676 944 4736 in
961 4674 1147 4739 Hnnvrvnorv
1163 4673 1195 4734 in
1212 4676 1371 4736 comitatu
1399 4673 1559 4755 predict0,
1582 4693 1640 4757 pro
1666 4676 1783 4756 quibus

284 4757 478 4821 Edmundus
492 4759 532 4822 de
548 4759 579 4822 la
594 4758 673 4822 Pole
688 4765 721 4822 et
736 4759 934 4838 Elisabetha,
946 4761 1054 4823 uxoris
1069 4764 1136 4839 (sic)
1151 4760 1223 4842 ejus
1237 4759 1392 4823 dederunt
1409 4761 1505 4846 xij.d.
1517 4761 1558 4824 de
1574 4761 1688 4824 relivio
1702 4765 1783 4842 (sic),

281 4847 367 4907 sicut
381 4847 566 4909 continetur
579 4848 614 4908 in
630 4847 847 4911 memorandis
862 4848 902 4910 de
927 4867 1011 4910 anno
1035 4847 1160 4931 xxxv1j⁰
1182 4848 1320 4930 predicti
1347 4849 1431 4930 regis
1457 4849 1607 4910 Edwardi
1629 4853 1724 4913 tercii
1748 4853 1783 4913 in

283 4931 389 4994 rotulo
403 4933 444 4996 de
460 4933 586 4996 releviis
601 4954 642 4996 ex
657 4941 747 5016 parte
761 4935 1020 4999 rememoratoris
1034 4936 1182 5018 predicti.

325 5079 369 5143 Et
383 5085 558 5144 onerantur
571 5081 611 5144 de
626 5103 711 5146 xxa.
724 5082 765 5145 de
779 5079 970 5165 hujusmodi
984 5080 1107 5144 auxilio
1133 5081 1344 5165 contingente
1368 5079 1395 5165 j.
1411 5081 1434 5145 i.
1449 5102 1495 5148 m.
1521 5102 1579 5165 pro
1604 5084 1783 5149 medietate

280 5166 418 5232 duarum
445 5169 587 5251 partium
610 5170 634 5254 j.
650 5169 809 5251 mesuagii
832 5169 868 5254 ij.
884 5174 1109 5232 carucatarum
1131 5175 1214 5232 terre
1229 5189 1259 5233 v.
1275 5188 1420 5232 acrarum
1447 5171 1534 5252 prati
1549 5191 1578 5236 x.
1586 5172 1619 5236 li.
1636 5191 1699 5236 v.s.
1715 5172 1779 5256 ju.

280 5254 425 5319 redditus
439 5275 514 5318 cum
528 5256 739 5338 pertinenciis
754 5257 787 5319 in
805 5256 998 5334 Nrwsrvrorv,
1015 5275 1079 5339 que
1107 5254 1275 5334 Ricardus,
1299 5255 1387 5320 filius
1412 5261 1445 5319 et
1470 5255 1564 5320 heres
1587 5257 1720 5320 Roberti
1743 5259 1783 5322 de

281 5338 461 5419 Gramiord,
476 5343 586 5404 tenuit
609 5343 650 5406 de
674 5343 764 5407 dicto
786 5343 919 5407 domino
945 5342 1102 5405 Eduardo
1129 5344 1229 5406 tercio
1253 5360 1291 5405 uo
1317 5343 1358 5406 de
1372 5341 1493 5407 honore
1508 5343 1661 5408 Dovorrie
1677 5350 1712 5407 et
1726 5365 1784 5429 pro

279 5429 396 5513 quibus
411 5429 499 5493 idem
515 5427 672 5496 Ricardus
687 5430 780 5496 dedit
794 5451 854 5496 cs.
869 5431 910 5494 de
924 5429 1050 5508 relivio‚
1065 5430 1151 5494 sicut
1166 5430 1353 5493 continetur
1367 5435 1429 5494 etc.
1449 5435 1495 5510 (aa
1510 5431 1628 5510 above).
