4117 6209
914 646 1000 713 Ab.
1024 648 1121 715 1846.
1699 656 1763 723 88⁷

298 935 347 999 De
362 934 529 1001 Willelmo
554 934 594 999 de
617 934 732 998 Monte
746 935 852 999 deuio
875 935 910 999 in
925 935 1077 1000 custodie
1090 935 1177 1020 regie
1191 940 1231 1000 ub
1245 955 1345 1020 eupm
1358 956 1417 1021 pro
1431 937 1476 1003 di.
1492 938 1516 1004 f.
1531 939 1567 1003 in
1583 940 1760 1008 Peneion

254 1025 340 1108 quod
357 1022 525 1088 Gilbertue
540 1024 581 1087 de
597 1020 725 1087 Onovill
739 1022 904 1106 quendem
920 1024 1028 1087 tenuit
1043 1023 1166 1087 ibidem
1265 1064 1275 1075 -
1366 1064 1377 1076 ·
1469 1064 1480 1077 ·
1569 1066 1581 1079 ·
1670 1050 1720 1096 xx.
1730 1053 1757 1096 e.

296 1160 345 1225 De
360 1160 506 1224 Henrieo
521 1161 561 1224 de
578 1160 678 1244 Lorly
692 1160 809 1244 prodi.
826 1161 848 1226 f.
864 1161 898 1223 in
917 1160 1056 1229 Swemm
1082 1160 1168 1246 quod
1184 1160 1346 1225 Walterue
1371 1161 1411 1225 de
1438 1161 1572 1227 Urtieeo
1593 1165 1758 1248 quendem

254 1248 363 1313 lenuit
377 1248 500 1313 ibidem
539 1302 543 1311 .
560 1283 1586 1303 ···········
1675 1275 1757 1320 xxm.

295 1384 344 1447 De
374 1384 501 1470 Rogero
530 1384 572 1449 de
601 1382 765 1448 Steunton
796 1405 851 1469 pro
881 1383 956 1469 ffiju
987 1389 1080 1467 perte
1108 1404 1164 1450 un.
1198 1384 1221 1450 f.
1253 1386 1288 1447 in
1320 1385 1438 1453 Nolim
1468 1387 1630 1455 annue
1658 1410 1758 1475 quam

256 1472 440 1537 willelmus
454 1473 494 1537 de
510 1472 675 1537 staunton
689 1472 853 1556 quondam
868 1472 979 1536 tenuit

297 1611 347 1675 De
370 1609 495 1675 Thome
520 1610 559 1674 de
586 1608 767 1693 courtenay
792 1608 919 1693 prodi.
946 1608 969 1673 f.
995 1610 1032 1672 in
1055 1609 1188 1677 Gemi
1212 1608 1377 1677 Mmeme
1402 1612 1490 1695 quod
1517 1611 1691 1700 Philippus
1717 1618 1758 1681 de

255 1699 437 1783 Gourteney
451 1697 615 1781 quondem
630 1699 740 1762 tenuit
755 1697 881 1763 ibidem
963 1736 1585 1755 ·······
1673 1725 1757 1771 xxm.

297 1838 345 1903 De
360 1835 510 1903 iohanne
526 1836 630 1902 wake
653 1857 710 1920 pro
733 1836 778 1903 di.
793 1835 817 1903 f.
842 1838 877 1900 in
893 1836 994 1903 Weee
1017 1834 1218 1905 Doumssn
1243 1838 1330 1921 quod
1353 1836 1471 1917 Alieia,
1497 1860 1561 1926 que
1587 1840 1653 1907 iuil
1676 1865 1758 1907 uxor

253 1924 419 2009 lledulphi
438 1924 551 2002 Weke,
566 1925 730 2011 quondam
745 1926 856 1988 tenuit
870 1924 996 1989 ibidem
1063 1964 1584 1978 ------
1671 1953 1756 1998 m.

295 2064 344 2128 De
359 2063 524 2128 Willelmo
549 2064 590 2127 de
617 2061 781 2127 Steunton
805 2066 839 2127 el
866 2062 1033 2128 Willelmo
1060 2060 1232 2149 Roffegrey
1259 2082 1316 2147 pro
1341 2070 1458 2150 queris
1485 2072 1579 2150 perte
1600 2088 1658 2135 un.
1673 2068 1697 2135 f.
1721 2070 1756 2133 in

253 2151 358 2221 Wm
373 2171 472 2235 quem
488 2151 673 2215 Willelmue
687 2149 728 2215 de
743 2149 907 2216 Steunbon
924 2155 960 2216 el
976 2150 1161 2216 Willelmue
1175 2150 1347 2236 Reffegmy
1362 2153 1528 2237 quondam
1543 2160 1721 2221 tenuerunt

1691 2266 1756 2312 m.

294 2375 344 2440 De
369 2374 518 2440 Johenne
543 2374 697 2438 Welrond
721 2379 756 2439 et
782 2372 927 2439 Henrieo
952 2374 993 2438 de
1018 2375 1116 2458 Wyly
1141 2393 1201 2458 pro
1225 2373 1299 2462 viij·
1319 2379 1411 2459 perte
1438 2396 1494 2443 un.
1510 2379 1534 2444 i.
1550 2381 1585 2443 in
1600 2380 1757 2449 Boonmn

253 2484 351 2549 quem
365 2462 531 2528 Jobennee
547 2462 701 2527 Welrond
716 2460 858 2527 etheree
874 2461 1035 2533 Willelmi
1050 2461 1146 2548 Wyly
1160 2462 1326 2547 quendem
1340 2467 1518 2529 tenuerunt
1531 2466 1656 2531 ibidem
1693 2489 1756 2536 m.

295 2617 345 2682 De
360 2617 488 2703 Rogero
503 2615 571 2681 filio
585 2615 708 2681 Thome
723 2617 754 2679 le
769 2617 881 2687 Werre
896 2638 954 2702 pro
969 2617 1088 2703 quinte
1102 2621 1197 2701 perte
1212 2637 1268 2684 un.
1286 2618 1308 2684 f.
1320 2618 1355 2681 in
1372 2616 1464 2687 Goen
1481 2617 1644 2687 Biemann
1657 2640 1756 2706 quem

198 2786 201 2791 Ι
253 2706 399 2791 Rogerue
414 2704 502 2770 filius
517 2704 642 2769 Thome
656 2704 687 2769 le
702 2705 814 2775 Werre
829 2705 994 2789 quendem
1009 2706 1121 2769 tenuit
1135 2704 1259 2769 ibidem
1351 2745 1363 2759 ·
1453 2744 1464 2757 -
1554 2746 1566 2758 ·
1654 2708 1756 2796 viiie.

487 2887 601 2952 summ
602 2907 623 2951 a
624 2840 815 3001 {feodorum
826 2862 910 2908 z-v.
925 2842 963 2921 ἱ,
978 2844 1096 2928 quinte
1109 2863 1183 2927 pare
1196 2848 1231 2908 eb
1245 2842 1320 2930 viij·
1339 2864 1414 2928 pm
1427 2863 1484 2909 un,
1499 2842 1525 2909 f,

649 2930 857 2995 denariorum
868 2928 998 2997 :-x.li.
1016 2930 1119 3017 xiiia.

688 3351 909 3419 Hmmnnnum
930 3372 973 3417 bn
999 3350 1120 3420 SUTH
1142 3351 1330 3421 PEBTON.

295 3523 344 3588 De
359 3521 532 3607 Radulpho
546 3523 586 3586 de
596 3519 767 3584 Albiniaeo
778 3539 837 3604 pro
848 3539 903 3585 un.
913 3519 937 3584 f.
950 3519 986 3582 in
997 3520 1090 3588 Sum
1102 3520 1248 3601 Peneon,
1261 3520 1472 3603 Bmmeeom
1485 3526 1519 3585 et
1531 3523 1755 3591 enemoeou
1884 3512 1890 3525 ’

252 3612 341 3698 quod
355 3610 444 3707 Eliee
458 3611 498 3674 de
513 3609 682 3673 Albinieeo
696 3606 859 3695 quondam
873 3609 983 3671 tenuit
999 3607 1125 3671 ibidem
1171 3640 1589 3663 ·····
1676 3609 1754 3679 xlc.

208 3780 211 3785 ·
296 3750 344 3813 De
368 3746 499 3825 Ceeilie,
514 3768 576 3833 que
600 3745 665 3809 fuit
687 3764 766 3808 uxor
788 3741 949 3808 Johennie
964 3745 1005 3809 de
1021 3742 1258 3830 bellocampo,
1274 3746 1391 3829 prodi.
1407 3745 1430 3813 f.
1446 3748 1481 3811 in
1501 3746 1655 3816 Sumen
1669 3749 1756 3834 quod

253 3836 417 3903 Jobannee
432 3836 472 3901 de
487 3835 578 3899 Bello
594 3832 714 3917 Campo
728 3832 891 3915 quondam
906 3834 1015 3897 lenuit
1030 3832 1152 3896 ibidem
1267 3874 1279 3885 -
1369 3874 1380 3886 -
1470 3875 1482 3888 -
1572 3875 1583 3888 ·
1671 3857 1755 3903 xm.

297 3975 345 4040 De
360 3974 501 4039 (bietine
515 3973 555 4037 de
570 3972 695 4036 Burlon
710 3992 768 4054 pro
782 3974 875 4034 sexta
889 3975 982 4054 perte
996 3990 1052 4036 un.
1068 3970 1090 4035 l.
1106 3971 1142 4034 in
1158 3971 1290 4037 Dorum
1302 3971 1389 4056 quod
1404 3971 1550 4037 Orieiine
1564 3974 1605 4037 de
1630 3972 1755 4039 Burton

252 4063 415 4148 quondam
430 4062 540 4125 tenuit
554 4060 678 4124 ibidem
766 4097 1487 4112 ········
1576 4061 1621 4127 di.
1637 4080 1755 4129 merca.

296 4201 344 4265 De
367 4198 517 4265 Johenne
541 4197 582 4262 de
608 4196 756 4260 Molione
778 4214 836 4279 pro
861 4195 906 4261 di.
922 4194 946 4261 f.
973 4195 1008 4258 in
1038 4193 1304 4263 Sevennemmou
1329 4196 1420 4265 Vive
1445 4199 1531 4283 quod
1553 4197 1694 4263 Jeeobue
1716 4200 1755 4263 de

254 4286 559 4374 Molionquondem
573 4286 683 4349 tenuit
698 4283 820 4347 ibidem
859 4321 1582 4338 ········
1669 4307 1753 4354 xm.

297 4427 345 4491 De
361 4425 501 4489 Ricardo
515 4422 632 4487 Talbot
645 4442 704 4506 pro
719 4422 765 4487 di.
781 4420 804 4487 i.
819 4422 855 4484 in
870 4419 992 4487 Meduli
1007 4420 1144 4487 Isdem
1159 4421 1246 4505 quod
1260 4427 1311 4486 eet
1326 4423 1366 4486 de
1389 4418 1574 4486 bereditete
1596 4422 1618 4487 J
1619 4421 1756 4487 ohannis

253 4516 371 4579 Meriel
395 4516 429 4577 in
456 4511 604 4577 custodie
626 4510 711 4595 regie
740 4508 914 4572 existentis
942 4508 1071 4571 racione
1099 4509 1235 4572 minoris
1266 4509 1365 4573 etatis
1395 4528 1464 4589 sue,
1489 4513 1524 4572 eb
1548 4510 1636 4593 quod
1664 4509 1755 4574 idem

253 4602 409 4667 Ricardue
423 4599 521 4665 hebet
536 4620 576 4662 ex
591 4597 795 4661 eoneeeeione
810 4594 897 4679 regie
912 4614 1014 4678 usque
1029 4596 1069 4658 ed
1085 4594 1272 4680 legitimam
1293 4600 1417 4659 etatem
1440 4596 1590 4683 ejusdem
1615 4597 1754 4677 heredis,

252 4690 337 4775 quod
353 4689 497 4774 Rogerus
515 4687 625 4751 Beeeei
640 4690 674 4749 et
689 4684 761 4763 Ele,
776 4703 856 4746 uxor
870 4682 952 4769 ejus,
967 4682 1130 4766 quendem
1144 4687 1324 4747 tenuerunt
1338 4682 1462 4747 ibidem
1477 4685 1513 4747 in
1528 4684 1639 4749 dotem
1653 4686 1756 4769 ipeiue

255 4778 313 4841 Ele
352 4808 1580 4829 .............
1669 4793 1754 4838 χω,

294 4913 342 4977 De
356 4911 377 4976 J
379 4908 504 4975 ohanne
519 4906 622 4978 Weke
637 4926 695 4990 pro
709 4906 754 4973 di.
771 4905 795 4972 f.
812 4906 847 4970 in
863 4905 930 4969 llsb
945 4905 1137 4971 Doummsfl
1161 4908 1248 4992 quod
1277 4907 1298 4972 J
1299 4908 1439 4972 ohannes
1462 4907 1565 4978 Weke
1590 4911 1754 4994 quendem

254 5001 361 5065 tenuit
375 4998 498 5063 ibidem
551 5034 1580 5049 ···········
1668 5018 1754 5065 ιω.

294 5138 341 5202 De
365 5134 553 5201 tenentibus
578 5139 735 5198 terrerum
762 5132 922 5195 Willelmi
949 5129 1070 5216 Gryket
1092 5152 1150 5216 pro
1175 5138 1293 5218 quarta
1318 5140 1413 5220 perte
1438 5154 1496 5202 un.
1512 5137 1537 5203 i.
1564 5135 1600 5198 in
1615 5132 1755 5199 mmm

251 5246 350 5309 quam
366 5223 550 5288 Willelmue
564 5221 605 5285 de
620 5220 741 5305 Gryket
755 5220 919 5305 quondam
935 5220 1047 5283 lenuit
1081 5258 1600 5276 ------
1688 5242 1754 5289 ιε.

296 5364 343 5429 lle
358 5360 509 5427 Umirido
524 5359 565 5423 de
582 5356 668 5442 Keyl
683 5378 740 5441 pro
754 5357 800 5423 di.
818 5358 841 5422 f.
858 5357 895 5421 in
911 5356 1122 5421 Oobbwom
1136 5364 1171 5423 et
1187 5358 1328 5423 Knome
1348 5360 1435 5443 quod
1449 5360 1603 5425 Matbeue
1618 5358 1659 5423 de
1674 5359 1755 5423 Eeee

250 5456 285 5516 ei
299 5450 469 5515 Umiridue
484 5448 524 5511 de
539 5446 627 5531 Keyl
641 5444 803 5529 quondam
818 5450 996 5509 tenuerunt
1010 5443 1136 5509 ibidem
1159 5484 1578 5500 -----
1667 5466 1753 5512 xxa,

317 5586 402 5639 22102
1663 5580 1688 5633 Y
