4117 6209
303 679 367 742 224
984 668 1133 735 SALOP.

345 964 662 1029 Hm-Henrieue
692 961 835 1027 Hubeud
872 965 969 1025 leuel
997 959 1111 1022 villam
1147 956 1188 1019 de
1226 954 1324 1018 Hune
1352 954 1387 1016 et
1414 945 1588 1010 dimidiam
1620 939 1733 1004 villam
1762 935 1805 999 de

301 1052 457 1118 ovmol
474 1053 592 1137 prodi.
608 1052 632 1115 f.
648 1072 693 1116 m.
710 1051 751 1114 de
767 1049 909 1113 Roberlo
922 1047 963 1110 de
979 1046 1111 1110 Mortuo
1126 1044 1224 1108 Mari.

345 1187 697 1253 AsroRD.-Robertue
712 1187 753 1250 de
768 1185 902 1249 Boulers
916 1188 1009 1248 tenet
1024 1181 1137 1246 villam
1151 1180 1192 1243 de
1207 1178 1342 1241 Asmnn
1355 1193 1413 1257 pro
1428 1174 1545 1254 quarte
1562 1170 1655 1252 perte
1680 1163 1705 1248 j.
1720 1161 1745 1228 f.
1761 1160 1803 1222 de

302 1276 441 1340 Roberlo
456 1276 496 1338 de
512 1275 645 1338 Mortuo
659 1275 756 1338 Mari.

346 1410 797 1476 mmmmm-willelmus
809 1407 969 1473 Carbunel
984 1411 1078 1471 tenet
1092 1407 1126 1468 in
1142 1402 1219 1467 ville
1233 1401 1273 1464 de
1288 1398 1496 1462 Womsswou
1511 1395 1661 1478 quartam
1678 1393 1802 1472 perlem

299 1500 323 1587 j.
340 1500 363 1566 f.
378 1521 435 1585 per
449 1500 594 1563 medium
609 1499 650 1563 de
667 1498 781 1562 eodem
798 1497 938 1560 Roberto
959 1491 1026 1582 [el]
1048 1493 1137 1557 idem
1153 1489 1314 1553 Roberlue
1327 1489 1422 1550 tenet
1436 1501 1494 1566 pro
1508 1481 1534 1566 j.
1549 1477 1573 1542 f.

342 1635 584 1703 Comme-J
585 1637 726 1700 ohannes
740 1632 868 1699 Giflerd
882 1637 976 1696 tenet
989 1631 1174 1694 manerium
1188 1627 1228 1690 de
1250 1624 1414 1690 Conmffl
1436 1619 1564 1683 racione
1587 1613 1737 1679 Matildis
1759 1612 1800 1675 de

300 1727 521 1810 Longespeye‚
536 1723 700 1807 quondam
715 1722 784 1786 filie
799 1727 835 1785 el
849 1720 981 1786 heredis
995 1718 1130 1781 Walteri
1143 1716 1185 1779 de
1201 1711 1336 1778 clifford
1352 1729 1410 1794 pro
1423 1708 1449 1793 j.
1466 1706 1490 1771 f.

344 1860 705 1928 Nonne-lohannes
719 1861 761 1924 de
776 1857 909 1943 Cheyne
924 1861 1016 1921 tenet
1029 1854 1142 1920 villam
1156 1854 1197 1917 de
1207 1850 1347 1914 Nomou
1362 1867 1420 1930 per
1435 1842 1582 1908 medium
1596 1841 1639 1904 de
1651 1835 1801 1902 Johenne

300 1949 428 2014 Giffard
442 1969 501 2033 pro
514 1950 615 2012 tercia
629 1953 721 2033 parte
735 1947 759 2035 ᾗ.
775 1947 798 2013 f.
815 1968 861 2013 m.
879 1950 931 2010 set
946 1964 1012 2008 non
1027 1949 1092 2009 ete.

343 2087 394 2150 LA
408 2085 729 2170 Beona-Rogana
744 2086 784 2148 de
800 2082 957 2166 Bredeleg
972 2086 1067 2145 tenet
1081 2079 1193 2144 villam
1209 2077 1250 2140 de
1277 2075 1326 2136 LA
1351 2071 1467 2134 Becml
1492 2087 1550 2152 per
1573 2062 1718 2127 medium
1742 2077 1800 2143 pro

299 2179 414 2258 quarta
429 2179 523 2257 parte
535 2173 562 2257 j.
579 2174 601 2238 f.
617 2195 663 2238 m.
679 2173 721 2236 de
736 2172 849 2235 eodem
865 2169 1015 2235 Johanne
1031 2164 1171 2245 Gillard,
1186 2169 1237 2228 eet
1251 2181 1318 2225 non
1332 2164 1395 2224 ete.

343 2310 502 2374 GesmUM
517 2309 896 2374 Hemone-Romus
913 2305 1043 2386 Bumel,
1058 2304 1230 2453 epiecogoue
1247 2295 1490 2402 Belboniensiffi
1500 2295 1595 2356 tenet
1616 2288 1799 2388 manerium

298 2399 341 2461 de
371 2397 500 2461 CAS‘rno
529 2391 695 2461 HoLmoo
724 2396 765 2459 de
796 2394 979 2473 Edmundo,
1012 2393 1133 2455 comite
1209 2386 1337 2462 runble,
1367 2404 1425 2468 pro
1454 2402 1503 2465 nJ.
1530 2381 1553 2442 f.
1578 2399 1623 2443 m.
1647 2381 1683 2440 et
1712 2374 1800 2437 ldem

299 2485 492 2548 Edmundus
506 2485 546 2548 de
562 2503 635 2568 rege
650 2486 702 2550 i.e.

340 2621 680 2704 Romamne-HQ
696 2620 737 2684 de
753 2617 915 2684 Bulledon
931 2622 1022 2682 tenet
1039 2616 1150 2679 villam
1176 2612 1218 2676 de
1242 2611 1425 2676 Bunneoou
1451 2605 1492 2667 de
1517 2601 1632 2666 eodem
1658 2597 1799 2662 Roberto

296 2729 354 2793 pro
371 2709 475 2772 tribus
491 2709 638 2792 pertibus
652 2710 677 2793 j.
692 2709 713 2771 f.
733 2729 789 2792 per
803 2707 951 2770 medium
966 2705 1007 2769 de
1022 2705 1112 2767 dieto
1139 2701 1279 2765 Roberlo
1305 2694 1438 2771 Burnel‚
1462 2692 1624 2773 episeopo,
1653 2694 1689 2750 et
1710 2684 1799 2748 idem

299 2796 459 2862 Roberlus
473 2797 514 2859 de
528 2798 648 2860 comite
665 2794 834 2873 Gornubie,
849 2800 882 2858 et
897 2794 987 2858 idem
1001 2810 1110 2856 eomes
1124 2788 1166 2852 de
1182 2806 1256 2870 rege
1271 2787 1322 2848 ie.

342 2932 824 3016 Anemnsron.-Reymundus
854 2931 896 2994 de
924 2927 1134 2992 Alehineeton
1163 2929 1254 2988 tenet
1284 2920 1395 2984 villam
1430 2917 1471 2980 de
1508 2915 1722 2981 Ammon
1760 2909 1801 2972 de

298 3019 469 3086 heredibus
485 3021 505 3084 J
507 3019 642 3084 ohannis
656 3020 716 3082 filii
733 3019 838 3096 Alani,
853 3018 989 3081 elidem
1005 3014 1133 3079 hesedes
1148 3013 1188 3076 de
1202 3030 1279 3095 rege
1294 3010 1345 3073 Le.

342 3155 694 3224 Herem-Rifflrdus
718 3155 758 3219 de
784 3154 1003 3239 Baggeeovere
1031 3158 1123 3216 tenet
1148 3147 1261 3212 villam
1290 3144 1331 3207 de
1360 3141 1500 3208 Remu>
1525 3135 1566 3200 de
1592 3133 1732 3196 Waltero
1757 3131 1798 3194 de

299 3244 420 3328 Beytin
438 3248 500 3323 (le.
518 3242 654 3329 Beysin)
669 3263 725 3326 pro
740 3248 831 3306 sexta
845 3249 937 3325 perte
951 3240 978 3326 j.
993 3238 1018 3305 f.
1035 3236 1171 3302 elidem
1186 3233 1345 3298 Ricardue
1360 3226 1557 3310 doregele.

339 3391 429 3459 Ome
447 3391 574 3458 Seuere
590 3386 1013 3472 meolam-Magister
1039 3383 1223 3446 willelmus
1249 3378 1378 3443 Oudren
1404 3378 1498 3436 tenet
1510 3367 1624 3432 villam
1649 3365 1689 3430 de
1712 3365 1799 3434 (lm

299 3479 425 3548 Senem
441 3477 646 3544 Mlmlam
662 3476 702 3540 de
721 3476 858 3539 lloberto
874 3473 1005 3552 Burnel,
1021 3473 1173 3556 episeopo
1188 3463 1413 3540 Bathoniensi,
1426 3469 1461 3525 el
1476 3459 1562 3522 idem
1577 3457 1744 3538 episcopm
1758 3451 1800 3514 de

296 3568 415 3629 comite
430 3565 601 3644 Gomubie‚
617 3564 754 3629 elidem
768 3581 875 3626 eomes
890 3561 930 3624 de
946 3580 1023 3642 rege
1039 3561 1090 3625 i.o.

341 3705 679 3772 Heme.-Rieardus
695 3706 781 3770 filius
798 3706 892 3768 Alani
908 3709 996 3768 tenet
1014 3703 1127 3766 villam
1142 3701 1182 3764 de
1198 3699 1323 3764 Heme
1345 3713 1402 3778 pro
1427 3692 1472 3755 di.
1489 3690 1512 3755 f.
1527 3710 1573 3756 m.
1591 3687 1633 3751 de
1648 3685 1800 3768 episeopo

298 3791 521 3871 Bathoniensi,
535 3801 570 3858 el
584 3795 672 3858 idem
687 3794 857 3878 epiecopus
871 3792 912 3855 de
927 3793 1050 3856 comite
1065 3788 1238 3863 cornubie,
1251 3792 1286 3848 et
1302 3800 1409 3846 eomes
1424 3780 1466 3843 de
1480 3797 1555 3861 rege
1570 3776 1623 3841 ie.

344 3935 782 4005 vaennour-Willelmus
798 3935 926 3999 Oudren
942 3940 1036 4000 tenet
1051 3935 1225 4021 quemdem
1240 3936 1366 4014 perlem
1383 3925 1460 3990 ville
1480 3923 1521 3986 de
1546 3921 1743 3987 swanum
1766 3919 1802 3978 el

299 4023 474 4088 Nioholaus
500 4021 653 4107 Eyldrich
678 4025 777 4087 aliam
801 4029 929 4106 perlem
957 4043 1015 4107 pro
1029 4022 1105 4108 iiij‘·
1124 4027 1216 4105 parte
1232 4019 1261 4102 j.
1278 4017 1302 4082 f.
1318 4018 1360 4079 de
1379 4011 1551 4076 heredibus
1565 4004 1724 4070 Johannis
1739 4001 1799 4065 filii

298 4111 395 4176 Alani
408 4117 441 4175 et
456 4112 544 4174 idem
560 4110 696 4175 heredes
711 4111 752 4175 de
765 4112 915 4194 episeopo
932 4108 1145 4174 Bathonienei
1161 4114 1225 4173 etc.
1245 4112 1293 4185 (ae
1309 4103 1436 4186 before).

344 4243 671 4310 Sennea-Petrus
686 4244 726 4306 de
743 4243 896 4308 Genevill
912 4249 1002 4307 tenet
1024 4242 1208 4307 manerium
1229 4240 1270 4301 de
1296 4237 1450 4304 Senum
1476 4250 1552 4294 eum
1579 4227 1733 4291 membris
1758 4223 1800 4285 de

297 4331 381 4394 dono
397 4330 439 4397 G.
455 4331 496 4395 de
513 4330 677 4409 Genevill,
692 4332 795 4414 patris
811 4334 873 4412 sui,
888 4337 922 4394 et
937 4332 1026 4394 idem
1043 4330 1086 4395 G.
1103 4330 1144 4393 de
1158 4347 1233 4411 rege
1248 4328 1301 4390 i.c.
1319 4344 1375 4408 per
1389 4321 1566 4384 baroniam.

341 4471 481 4535 Hmou
505 4470 907 4537 Inmmoe—Willelmue
931 4469 1064 4533 Deveris
1093 4472 1185 4531 tenet
1216 4465 1326 4527 villam
1352 4462 1393 4525 de
1422 4458 1563 4524 Hmou
1590 4454 1800 4518 Immone

299 4559 381 4636 (sle),
397 4577 459 4643 que
474 4563 522 4621 est
537 4558 577 4620 de
592 4559 680 4622 dicta
696 4559 827 4622 baronia
842 4559 881 4622 de
897 4559 984 4620 dioto
998 4555 1097 4619 Petro
1112 4575 1168 4638 pro
1182 4554 1227 4616 di.
1243 4552 1265 4616 f.

342 4695 481 4760 Heleon
499 4694 906 4761 Solem-willelmus
920 4694 960 4757 de
976 4693 1147 4776 Stepelton
1161 4694 1255 4754 tenet
1267 4688 1376 4751 villam
1392 4686 1432 4747 de
1444 4683 1583 4746 Hmou
1597 4675 1800 4758 Superiorem

301 4784 370 4861 (sle)
387 4781 429 4844 de
443 4781 531 4844 dieto
546 4781 645 4846 Petro
660 4803 717 4866 pro
732 4782 778 4848 di.
796 4781 817 4846 s.
834 4790 880 4845 set
898 4802 960 4844 non
978 4788 1040 4846 etc.

335 4917 681 5071 tHoerolte--Rogerus
695 4920 735 4984 de
753 4920 885 5003 Hopton
901 4926 991 4984 tenet
1004 4917 1115 4982 villam
1129 4916 1169 4979 de
1185 4914 1322 4981 Honore
1338 4910 1379 4975 de
1394 4908 1484 4972 dicto
1497 4904 1595 4968 Petro
1610 4920 1667 4984 pro
1682 4899 1707 4986 j.
1718 4893 1741 4962 f.
1753 4915 1799 4962 m.

298 5027 332 5070 se
364 5025 428 5070 non
442 5027 461 5068 e
478 5027 506 5072 c.

341 5144 707 5212 Mnemon-Thomas
734 5146 772 5209 de
800 5145 902 5209 Grete
924 5149 1016 5209 tenet
1031 5142 1143 5208 villam
1167 5142 1208 5204 de
1222 5139 1392 5206 Wonmou
1419 5133 1459 5197 de
1472 5128 1647 5195 herodibus
1661 5122 1798 5202 Amieie,

297 5232 405 5297 uxoris
419 5252 485 5310 sue,
501 5233 541 5296 de
557 5232 644 5296 dieto
658 5231 755 5297 Petro
770 5254 827 5317 pro
842 5234 887 5300 di.
903 5234 926 5296 f.
942 5254 987 5299 m.
1005 5240 1055 5296 eet
1071 5249 1135 5293 non
1151 5236 1213 5294 ete.

340 5359 728 5427 Doumon.-Gilbertus
754 5363 795 5425 de
822 5363 907 5447 Leoy
933 5367 1024 5426 tenet
1051 5359 1163 5425 villam
1187 5355 1228 5422 de
1251 5355 1413 5421 Dounron
1440 5348 1480 5410 de
1504 5344 1593 5408 dicto
1618 5339 1718 5403 Petro
1741 5357 1801 5423 pro

295 5455 411 5532 quarta
426 5453 517 5531 parte
532 5447 556 5534 j.
572 5449 596 5513 f.
614 5462 662 5513 set
677 5469 740 5512 non
756 5457 817 5516 etc.
