4117 6209
945 677 1028 740 Α.Ι).
1053 679 1147 741 1431.
1727 678 1791 741 439

336 954 482 1018 Oliverus
503 954 662 1040 Huwyssh
687 957 729 1023 de
754 960 919 1043 Donyiord
945 961 980 1024 in
1003 962 1161 1024 comitatu
1186 961 1382 1037 Somersetc,
1403 961 1597 1043 gentilman,
1629 958 1788 1022 Henricus

290 1042 395 1105 North
418 1042 459 1105 de
485 1042 650 1125 Donyford
674 1045 709 1107 in
735 1047 847 1111 eodem
871 1050 1041 1125 comitatu,
1063 1068 1193 1130 yoman,
1225 1048 1382 1112 Henricus
1407 1048 1511 1129 Horsy
1532 1048 1572 1109 de
1601 1044 1721 1109 Oliiton
1751 1048 1786 1109 in

290 1132 450 1194 comitatu
473 1129 618 1209 Dorsete,
644 1134 796 1216 armiger,
812 1143 846 1197 et
869 1135 1054 1201 Willeimus
1070 1135 1290 1199 Alinescombe
1314 1136 1355 1198 de
1379 1133 1542 1217 Donyiord
1568 1135 1602 1196 in
1628 1134 1788 1196 comitatu

292 1220 482 1290 Somereete,
508 1218 699 1300 gentilman,
729 1220 862 1285 inerunt
891 1224 991 1285 saisiti
1022 1230 1085 1287 etc.
1113 1222 1154 1287 de
1183 1222 1323 1286 manerio
1348 1223 1389 1285 de
1412 1223 1594 1288 Douvronn
1619 1242 1693 1283 cum
1721 1220 1787 1282 suis

289 1305 508 1456 pergnmeiis’
527 1312 567 1454 fet
593 1306 674 1370 illud
697 1311 878 1371 manerium
905 1330 978 1372 cum
1003 1311 1070 1372 suis
1096 1311 1308 1393 pertinenciis
1328 1314 1506 1375 tenuerunt
1532 1329 1589 1392 per
1614 1307 1786 1371 servicium

290 1415 342 1458 me
367 1392 474 1456 'etatis
483 1391 511 1476 j.
540 1414 608 1459 .m.

334 1518 496 1587 Johannes
522 1519 678 1583 Aruudell
709 1521 749 1583 de
778 1519 995 1606 Ciotevvorthy
1024 1526 1059 1585 in
1089 1524 1247 1586 comitatu
1279 1522 1470 1599 Somersete,
1500 1519 1691 1605 gentilman,
1721 1520 1788 1583 fuit

290 1610 421 1673 seisitus
435 1612 497 1671 etc.
514 1607 555 1670 de
569 1609 712 1670 manerio
727 1608 767 1670 de
782 1608 1029 1676 Onorsvvournv
1042 1632 1117 1673 cum
1132 1610 1340 1694 pertinenciis
1355 1611 1434 1691 suis,
1450 1615 1484 1673 et
1499 1608 1581 1671 illud
1603 1608 1785 1673 manerium

290 1717 365 1762 cum
379 1695 446 1758 suis
461 1696 672 1777 pertinenciis
687 1702 742 1759 ten
755 1696 796 1758 rit
811 1717 866 1779 per
881 1698 1051 1761 servicium
1066 1706 1180 1781 quarte
1195 1699 1297 1781 partis
1308 1698 1334 1781 j.
1348 1698 1371 1760 f.
1387 1719 1433 1764 m.

334 1831 466 1894 Aiinora
493 1827 564 1909 (sic)
594 1831 785 1915 Langbrolrc
808 1832 848 1895 de
876 1833 1010 1896 Preston
1031 1834 1127 1918 juxta
1150 1834 1325 1897 Milverton
1350 1836 1385 1896 in
1409 1832 1567 1896 comitatu
1595 1832 1787 1910 Somersete,

289 1918 415 1997 wedovr,
431 1916 496 1981 fuit
510 1919 620 1980 seisita
634 1926 695 1982 etc.
712 1919 751 1982 de
766 1921 900 1983 diversis
914 1922 1007 1984 terris
1023 1928 1059 1985 et
1074 1923 1270 1984 tenementis
1285 1922 1319 1983 in
1335 1922 1591 1998 Cnornwouruv,
1615 1926 1648 1982 et
1672 1920 1786 1983 eadem

289 2014 388 2069 terres
400 2014 428 2067 et
449 2010 638 2069 tenementis
652 2008 761 2069 tenuit
776 2027 834 2090 per
849 2010 1021 2071 servicium
1037 2016 1150 2090 quarte
1166 2009 1267 2091 partis
1279 2008 1305 2091 j.
1321 2007 1343 2071 f.
1359 2030 1405 2073 m.

332 2142 516 2209 Willelmus
542 2141 621 2226 Bryt
646 2143 687 2206 de
714 2142 905 2208 Brusshiord
931 2145 965 2207 in
989 2147 1148 2210 comitatu
1176 2144 1368 2221 Somersete
1392 2144 1544 2227 armiger,
1567 2143 1632 2205 fuit
1658 2142 1786 2205 seisitus

288 2238 351 2294 etc.
367 2230 407 2292 de
423 2230 566 2292 manerio
580 2230 621 2293 de
637 2232 858 2297 Bnussnroan
874 2253 948 2295 cum
962 2234 1029 2295 suis
1043 2232 1264 2315 pertinenciis,
1280 2237 1314 2295 et
1329 2231 1410 2294 illud
1426 2231 1609 2293 manerium
1625 2250 1699 2293 cum
1720 2230 1786 2291 suis

289 2318 499 2402 pertinenciis
515 2318 624 2380 tenuit
640 2337 698 2400 per
713 2321 886 2381 servicium
901 2327 1014 2401 quarte
1029 2321 1130 2402 partis
1141 2318 1168 2402 j.
1184 2318 1207 2384 i.
1225 2340 1271 2384 m.

331 2453 471 2517 'l'homas
497 2450 728 2538 Ohyppeleygh
754 2455 795 2517 de
825 2454 1000 2519 Milverton
1032 2456 1067 2518 in
1097 2457 1254 2519 comitatu
1279 2454 1470 2531 Somersete‚
1493 2452 1694 2537 gentylman,
1722 2451 1788 2514 fuit

288 2542 421 2605 scisitus
445 2545 509 2604 etc.
526 2541 566 2603 de
590 2542 685 2604 certis
711 2544 807 2604 terris
833 2548 868 2606 et
891 2545 1090 2606 tenementis
1110 2544 1144 2605 in
1160 2544 1304 2607 manerio
1320 2541 1360 2605 de
1376 2542 1609 2618 Eumenicae,
1626 2544 1660 2603 ct
1674 2540 1787 2603 eadem

289 2634 388 2692 terras
403 2633 436 2692 et
452 2634 640 2691 tenementa
655 2630 766 2691 tenuit
780 2650 838 2711 per
852 2630 1023 2693 servicium
1041 2638 1153 2713 quarte
1169 2631 1270 2714 partis
1282 2628 1309 2713 j.
1325 2627 1348 2691 f.
1365 2650 1410 2693 m.

332 2763 496 2832 Johannes
525 2763 708 2849 courtenay
737 2766 779 2829 de
809 2766 978 2851 chelnye
1007 2769 1042 2830 in
1064 2756 1232 2831 'comitatu
1263 2767 1459 2843 Somersete,
1498 2764 1695 2849 gentilman,
1724 2763 1788 2827 fuit

289 2855 419 2916 scisitus
447 2857 508 2915 etc.
538 2852 577 2914 de
606 2853 751 2915 manerio
781 2853 823 2916 de
852 2856 1173 2922 Anuounnsvvousuv
1202 2876 1276 2918 cum
1302 2856 1368 2917 suis
1397 2852 1616 2937 pertinenciis,
1645 2857 1677 2915 et
1702 2852 1787 2914 illud

288 2940 471 3002 manerium
486 2959 560 3002 cum
576 2941 642 3002 suis
657 2941 867 3024 pertinenciis
881 2944 989 3006 tenuit
1004 2963 1062 3025 per
1078 2943 1250 3007 servicium
1266 2942 1453 3006 medietatis
1462 2940 1490 3023 j.
1506 2940 1529 3003 f.
1545 2961 1591 3005 m.

330 3075 507 3139 Mauricius
522 3076 562 3139 de
576 3076 736 3161 Berkeley
750 3080 791 3143 de
805 3079 963 3163 Berkeley
977 3080 1011 3142 in
1026 3082 1186 3144 comitatu
1201 3079 1412 3157 Gloucestrie,
1425 3074 1576 3153 chivaler,
1594 3075 1788 3137 Humiridus

290 3164 430 3232 Stafford
445 3163 485 3227 de
501 3163 613 3227 Hoolre
629 3166 663 3226 in
679 3168 839 3229 comitatu
854 3167 1001 3245 Dorsete,
1016 3167 1167 3245 chivaler,
1184 3173 1219 3230 et
1233 3167 1373 3229 Thomas
1390 3162 1523 3233 Stcivell
1539 3163 1579 3226 de
1596 3162 1785 3228 Codelestcu

288 3252 322 3314 in
337 3252 496 3313 comitatu
513 3251 706 3332 Somersete,
722 3251 873 3332 chivaler,
888 3255 1019 3317 fuerunt
1035 3255 1139 3317 scisiti
1155 3258 1214 3317 etc.
1231 3254 1271 3315 de
1286 3254 1428 3317 manerio
1443 3251 1483 3313 de
1498 3250 1614 3315 Exsou
1630 3269 1704 3311 cum
1722 3249 1788 3311 suis

287 3338 513 3419 pertinenciis,
527 3343 562 3400 et
586 3337 669 3401 iilud
695 3342 882 3403 manerium
907 3362 979 3403 cum
1005 3343 1071 3404 suis
1096 3341 1305 3424 pertinenciis
1332 3342 1511 3403 tenuerunt
1537 3356 1593 3419 per
1617 3336 1786 3399 servicium

288 3426 386 3487 tercie
400 3425 501 3506 partis
511 3423 539 3506 j.
556 3425 579 3487 f.
596 3447 641 3492 m.

330 3552 487 3615 Ricardus
518 3552 699 3634 Byccombe
729 3552 770 3615 de
800 3552 971 3616 Crocombe
1000 3553 1035 3616 in
1073 3556 1230 3617 comitatu
1268 3551 1459 3630 Somersete,
1489 3548 1693 3633 gentylman,
1721 3547 1786 3611 fuit

286 3642 415 3704 scisitus
444 3646 506 3702 etc.
534 3640 574 3702 de
602 3641 747 3704 manerio
772 3641 814 3704 de
841 3641 1038 3707 Cnoocouen
1065 3662 1139 3703 cum
1164 3642 1275 3705 suibus
1302 3638 1374 3719 (sic)
1402 3637 1621 3723 pertinenciis,
1644 3640 1679 3698 et
1704 3635 1786 3699 illud

287 3728 469 3793 manerium
484 3747 558 3788 cum
574 3727 640 3789 suis
654 3729 865 3809 pertinenciis
879 3729 989 3791 tenuit
1004 3748 1062 3811 per
1077 3729 1246 3791 servicium
1263 3728 1386 3791 decime
1404 3726 1505 3810 partis
1514 3723 1543 3807 j.
1561 3723 1583 3787 f.
1599 3744 1645 3788 m.

329 3864 496 3934 iohannes
509 3864 637 3949 chger
651 3864 692 3927 de
708 3864 932 3947 Bryauneston
946 3864 981 3926 in
996 3866 1157 3928 comitatu
1180 3866 1327 3941 Dorsetc,
1342 3862 1545 3940 marchaunt,
1570 3859 1635 3924 fuit
1656 3861 1786 3923 seisitus

286 3958 349 4017 etc.
367 3953 407 4016 de
430 3953 574 4015 manerio
597 3951 639 4015 de
668 3951 779 4018 cuivs
803 3972 879 4013 cum
903 3953 970 4015 suis
995 3952 1216 4034 pertinenciis,
1240 3956 1274 4015 et
1298 3952 1380 4015 illud
1404 3950 1587 4013 manerium
1614 3968 1689 4011 cum
1720 3949 1786 4011 suis

284 4040 495 4125 pertinenciis
510 4040 618 4102 tenuit
634 4059 688 4122 per
703 4039 872 4101 servicium
884 4038 911 4122 j.
929 4038 951 4103 f.
967 4061 1012 4105 m.

329 4167 492 4236 Johannes
506 4166 633 4248 Vemay
649 4163 690 4226 de
706 4163 877 4249 Fayreield
902 4167 936 4227 in
957 4166 1117 4228 comitatu
1145 4165 1340 4241 Somersete,
1366 4163 1558 4247 gentilmau,
1573 4161 1638 4224 fuit
1654 4161 1784 4224 seisitus

285 4263 349 4320 etc.
364 4257 404 4318 de
418 4254 563 4318 manerio
577 4253 617 4316 de
632 4252 832 4317 Fssunsnun
847 4274 920 4315 cum
937 4254 1003 4315 suis
1018 4253 1240 4336 pertinenciis,
1258 4258 1291 4315 et
1307 4252 1388 4314 illud
1411 4251 1592 4314 manerium
1615 4269 1690 4311 cum
1719 4249 1785 4311 suis

285 4342 494 4428 pertinenciis
509 4340 616 4405 tenuit
631 4360 687 4422 per
701 4340 874 4402 servicium
889 4345 1001 4403 octave
1016 4341 1118 4422 partis
1127 4340 1155 4423 j.
1172 4340 1195 4406 f.
1212 4360 1257 4404 m.

328 4468 512 4539 Witlelmus
535 4466 656 4530 Powlet
680 4464 720 4529 de
744 4464 925 4528 Melcombe
939 4467 975 4527 in
991 4467 1153 4528 comitatu
1171 4465 1359 4540 Somersete,
1378 4460 1572 4545 gentilman,
1590 4459 1689 4543 Hugo
1705 4457 1784 4543 Cary

285 4558 326 4621 de
352 4556 544 4640 Oanyngton
569 4555 604 4615 in
628 4553 741 4616 eodem
765 4553 933 4630 comitatu,
958 4552 1150 4637 gentilman‚
1175 4551 1333 4613 Ricardus
1354 4550 1465 4615 Broun
1489 4548 1529 4611 de
1554 4544 1624 4626 (sic)
1650 4566 1785 4630 persona

285 4645 418 4708 ecclesie
433 4645 474 4706 de
489 4640 668 4706 Gctehurst
682 4641 716 4702 in
733 4640 844 4703 eodem
859 4642 1028 4718 comitatu,
1042 4646 1075 4703 et
1092 4639 1246 4702 Ricardus
1259 4644 1329 4701 atte
1346 4636 1429 4700 Yete
1445 4636 1487 4698 de
1504 4634 1605 4699 Beere
1620 4634 1655 4697 in
1670 4634 1784 4696 eodem

284 4734 456 4809 comitatu,
478 4750 608 4814 yoman,
634 4734 669 4791 ct
695 4727 751 4790 alii
774 4725 900 4790 feoffati
925 4727 1082 4793 Willelmi
1109 4726 1232 4789 Powlet
1254 4725 1294 4788 de
1322 4725 1430 4801 Beere‚
1458 4724 1592 4789 fuerunt
1616 4722 1720 4783 seisiti
1743 4721 1784 4783 de

286 4821 431 4884 manerio
460 4819 499 4881 de
529 4817 731 4884 Gerenunsr
767 4835 843 4877 cum
872 4815 938 4877 suis
975 4814 1194 4897 pertinenciis,
1224 4816 1259 4875 et
1288 4811 1370 4873 illud
1399 4810 1583 4874 manerium
1613 4830 1687 4873 cum
1716 4810 1784 4871 suis

285 4906 494 4991 pertinenciis
510 4904 618 4968 tenuit
632 4923 689 4985 per
703 4902 871 4965 servicium
883 4900 911 4985 j.
928 4900 952 4967 f.
969 4924 1015 4968 m.

329 5034 489 5097 Rcbertus
504 5029 672 5093 Grendour
687 5026 728 5091 de
930 5029 966 5090 in
981 5028 1141 5091 comitatu
1155 5025 1343 5091 Hertfordie
1362 5021 1431 5103 (sic)
1450 5022 1483 5087 in
1495 5021 1623 5100 Waltia‚
1634 5022 1785 5104 armiger,

284 5123 350 5185 fuit
365 5122 495 5185 scisitus
510 5124 573 5181 etc.
589 5118 629 5180 de
643 5116 788 5179 manerio
801 5115 841 5178 de
858 5115 1029 5181 Mseuccs
1046 5135 1120 5177 cum
1137 5117 1203 5179 suis
1217 5114 1438 5196 pertinenciis,
1454 5116 1488 5174 et
1503 5109 1585 5171 illud
1600 5110 1784 5172 manerium

283 5230 357 5273 cum
372 5209 438 5272 suis
453 5205 661 5290 pertinenciis
674 5204 783 5267 tenuit
797 5222 854 5286 per
868 5204 1044 5267 servicium
1060 5203 1247 5266 medietatis
1257 5201 1287 5285 j.
1303 5199 1328 5263 f.
1344 5222 1389 5267 m.

326 5346 519 5423 Willelmus,
534 5342 685 5406 dominus
699 5341 740 5403 de
755 5340 786 5403 la
803 5338 921 5421 Suche,
935 5340 1002 5404 fuit
1017 5342 1149 5404 scisitus
1164 5344 1227 5405 etc.
1244 5338 1285 5402 de
1299 5336 1396 5401 certis
1413 5335 1505 5399 terris
1532 5339 1568 5397 et
1589 5334 1786 5397 tenementis

281 5436 317 5498 in
333 5435 588 5501 Bnusunwsrne
601 5429 704 5497 tentis
718 5428 753 5489 in
769 5428 906 5512 socagio,
922 5449 983 5511 que
1000 5429 1106 5493 valent
1122 5446 1317 5513 perannum
1332 5424 1419 5488 ultra
1434 5421 1588 5506 reprisam
1606 5441 1636 5490 x.
1648 5416 1686 5486 ii.
