4117 6209
950 647 1141 715 OXFORD.

833 942 1029 1006 Dacssssus
1053 960 1096 1002 os
1119 939 1274 1006 ASTON.

345 1089 521 1172 inquisicio
536 1096 630 1173 capta
644 1092 731 1174 apud
746 1093 846 1155 Aston
863 1091 1055 1156 duodecimo
1070 1091 1122 1154 die
1137 1091 1220 1154 Maii
1235 1110 1320 1154 anno
1334 1091 1427 1175 regni
1442 1092 1529 1175 regis
1556 1089 1691 1152 Henrici
1714 1089 1800 1153 sexti

301 1184 391 1239 sexto
406 1183 469 1242 etc.
490 1183 537 1256 (os
553 1179 679 1262 before).

345 1367 434 1430 Infra
458 1369 651 1452 decanatum
677 1369 716 1432 de
731 1370 832 1432 Aston
856 1369 1001 1451 predicta
1016 1374 1067 1432 est
1081 1368 1220 1452 quedam
1235 1368 1370 1431 ecclesia
1385 1367 1427 1430 de
1443 1367 1690 1444 susurronis
1705 1364 1801 1448 cujus

301 1455 452 1537 parochia
468 1475 531 1518 non
547 1461 624 1520 sunt
639 1457 752 1520 decem
767 1457 988 1520 inhabitantes
1003 1457 1169 1519 domicilia
1183 1460 1347 1520 tenentes,

346 1594 404 1655 Est
420 1594 560 1676 quedam
577 1594 708 1656 ecclesia
723 1596 757 1657 in
773 1595 884 1658 eodem
901 1595 1060 1658 decanatu
1076 1595 1116 1658 de
1132 1595 1305 1672 Esursnnn,
1320 1594 1355 1656 in
1370 1591 1463 1677 cujus
1478 1592 1627 1676 parochia
1643 1610 1707 1653 non
1723 1602 1803 1653 sunt

302 1680 414 1743 decem
430 1681 652 1745 inhabitantes
668 1681 834 1745 domicilia
849 1686 1012 1746 tenentes.

760 1922 955 1986 Daosussss
979 1943 1022 1985 on
1045 1921 1341 1988 WODESTOKE.

347 2074 525 2157 Inquisicio
547 2079 641 2156 capta
666 2073 751 2156 apud
768 2071 963 2136 Wodestoke
987 2073 1163 2137 undecimo
1188 2072 1242 2136 die
1257 2072 1339 2135 Maii
1353 2092 1438 2134 anno
1453 2072 1545 2154 regni
1562 2073 1649 2156 regis
1665 2071 1801 2135 Henrici

304 2162 388 2224 sexti
403 2164 493 2224 sexto
508 2166 571 2224 etc.
592 2166 638 2239 (os
655 2162 781 2242 before).

350 2351 444 2413 Infra
468 2352 663 2414 decanatum
683 2352 722 2412 de
739 2349 912 2412 Wodstoke
927 2350 1076 2432 predicta
1090 2357 1169 2414 sunt
1184 2350 1330 2427 ccclesia,
1345 2349 1501 2413 videlicet
1516 2350 1555 2412 de
1572 2349 1748 2426 Gaurion,
1763 2348 1804 2412 de

244 2453 246 2458 ·
304 2438 446 2501 Nursina
460 2438 705 2515 KYDLrNuTort,
721 2443 756 2500 et
772 2437 1071 2516 Bassusososcn
1082 2437 1166 2500 infra
1181 2458 1318 2522 quarum
1334 2435 1501 2520 parochias
1516 2457 1581 2500 non
1598 2443 1673 2501 sunt
1689 2437 1803 2500 decem

304 2524 528 2588 inhabitantes
543 2525 709 2588 domicilia
724 2530 880 2588 tenentes.

794 2765 989 2829 Daousdaua
1010 2786 1053 2828 oa
1077 2764 1327 2829 WITTENEY.

350 2919 527 3003 Inquisicio
542 2921 637 3001 capta
651 2918 738 3000 apud
755 2917 931 3000 Wytteney
947 2916 1029 3002 xiiij.
1047 2917 1100 2980 die
1116 2917 1199 2980 utsii
1223 2937 1308 2981 anno
1334 2918 1428 3002 regni
1452 2917 1538 3002 regis
1564 2916 1698 2980 Henrici
1722 2918 1806 2980 sexti

308 3011 397 3070 sexto
412 3012 474 3069 etc.
490 3005 544 3090 (os
560 3006 686 3089 besara).

352 3189 391 3252 In
415 3187 504 3251 nulla
528 3186 734 3251 ecelesiarum
760 3185 914 3270 parochia
930 3186 971 3248 de
987 3186 1163 3264 Kauoors,
1179 3186 1404 3266 Wasrswsnu,
1422 3186 1642 3266 Baononros,
1659 3186 1806 3266 Suanos,

307 3275 612 3429 {ngantdgcanatum
642 3273 682 3337 dc
713 3273 876 3357 Witteney
907 3275 1055 3357 predicta
1085 3280 1163 3337 sunt
1193 3272 1304 3337 decem
1332 3272 1557 3338 inhabitantes
1580 3280 1615 3337 et
1641 3273 1809 3336 domicilia

817 3602 1012 3668 Dnosssrus
1036 3622 1079 3664 nn
1101 3601 1299 3664 HENLEY.

355 3757 534 3926 Ιηᾳιιίἓίῗο
550 3761 645 3840 capta
660 3753 746 3838 apud
762 3753 889 3836 Henley
905 3753 948 3817 ix.
964 3754 1016 3815 die
1032 3753 1115 3815 Maii
1129 3773 1214 3817 anno
1229 3752 1320 3836 regni
1336 3754 1422 3837 regis
1449 3752 1585 3816 Henrici
1610 3752 1693 3815 sexti
1718 3759 1810 3815 sexto

310 3850 373 3908 etc.
393 3851 440 3922 (os
474 3848 581 3921 coro).

357 4030 445 4092 Infra
471 4030 664 4092 decanatum
689 4028 729 4089 dc
745 4026 849 4089 Henle
865 4026 1009 4109 predicta
1025 4031 1103 4089 sunt
1116 4027 1253 4090 ecclesia
1267 4027 1307 4090 de
1323 4027 1555 4106 Musonwnna,
1573 4027 1680 4110 porcio
1695 4027 1811 4110 prioris

311 4119 352 4182 de
383 4115 605 4199 wallingford,
633 4116 740 4196 porcio
770 4115 919 4195 priorisse
948 4114 989 4176 de
1023 4113 1167 4198 Goryng,
1194 4116 1310 4196 pancio
1339 4115 1453 4198 prioris
1483 4114 1596 4178 Sancti
1625 4112 1809 4194 cothelaci,

312 4204 448 4268 ecclesia
472 4203 513 4266 de
537 4202 727 4277 Brxaaorso,
750 4207 783 4264 et
809 4200 943 4262 ecclesia
966 4200 1005 4263 de
1032 4201 1229 4280 Hennaeas,
1254 4202 1288 4264 in
1313 4222 1451 4285 quarum
1477 4200 1637 4286 parochiis
1651 4220 1716 4264 non
1730 4211 1810 4265 sunt

312 4293 422 4356 decem
438 4289 658 4354 inhabitantes
673 4295 706 4352 et
722 4287 890 4350 domicilia
905 4291 1064 4350 tenentes.

876 4684 1029 4770 [Bursous
1053 4683 1249 4771 oxonia]

359 4823 535 4908 inquisicio
561 4829 657 4905 capta
682 4821 768 4904 apud
796 4822 953 4886 Oxoniam
978 4825 1031 4886 die
1052 4825 1144 4886 Lune
1191 4870 1809 4889 ............

313 4913 519 4975 Pentecostcs
532 4929 619 4973 anno
633 4910 827 4993 regni‘regis
844 4909 978 4976 Henrici
994 4912 1078 4972 sexti
1094 4916 1169 4993 post
1183 4915 1399 4994 conquestum
1414 4917 1506 4972 sexto
1528 4929 1635 4970 coram
1660 4907 1812 4973 Johanne

314 4997 508 5080 Hartilpole‚
531 4995 655 5058 Thema
682 4995 793 5079 Bayly,
816 4995 965 5059 Johanne
990 4997 1109 5080 Bryan,
1133 5003 1168 5060 et
1194 4996 1336 5060 Henrico
1362 4997 1465 5074 More,
1490 4995 1715 5058 collectoribus
1741 5001 1810 5059 tam

313 5085 482 5168 cujusdam
505 5080 673 5170 [subsidii]
704 5083 906 5164 singularum
934 5086 1160 5165 parochiarum
1183 5103 1281 5166 quam
1311 5083 1482 5164 cujusdam
1508 5083 1643 5145 alterius
1673 5082 1811 5145 subsidii

314 5172 517 5256 singulorum
533 5171 699 5234 feodorum
715 5172 860 5232 militum
876 5173 910 5234 in
926 5171 1025 5256 burgo
1043 5171 1168 5235 Oronie
1186 5177 1221 5234 et
1236 5170 1395 5232 suburbiis
1412 5171 1558 5254 ejusdem
1574 5170 1664 5232 dicto
1679 5170 1813 5233 dominc

313 5261 382 5345 regi
408 5260 443 5322 in
467 5256 682 5342 parliamento
710 5277 767 5320 suo
791 5259 877 5342 apud
893 5257 1246 5346 Westmon[asterium
1262 5259 1295 5320 in
1311 5258 1476 5342 quindena
1491 5253 1620 5342 Sancti]
1641 5254 1812 5320 Michaelis

317 5348 433 5412 ultimo
470 5345 625 5428 preterita
663 5350 755 5409 tento
792 5345 851 5408 sub
882 5353 971 5410 certa
1002 5347 1105 5410 forma
1134 5347 1170 5409 in
1199 5345 1321 5408 litteris
1358 5344 1444 5426 regis
1480 5339 1697 5430 [patentibus]
1734 5342 1813 5407 inde

315 5433 538 5498 collectoribus
576 5432 708 5495 directis
745 5437 896 5497 contenta
933 5434 1088 5512 concessi,
1125 5452 1182 5515 per
1220 5436 1455 5495 sacramentum
1497 5429 1650 5493 Willelmi
1690 5428 1814 5508 Offord,
