4117 6209
919 675 1000 740 A.D.
1026 680 1120 741 1428.

699 966 919 1033 Hurnaannrr
943 988 986 1033 nrr
1009 966 1327 1035 KYNMERSDON.

305 1153 352 1216 De
383 1152 574 1219 Elizabetha
604 1154 764 1219 Botreaux
795 1156 922 1239 prodi.
948 1156 972 1223 f.
997 1179 1042 1223 m.
1067 1159 1102 1221 in
1128 1157 1363 1221 KrnMnRaDon
1390 1157 1474 1242 quod
1499 1154 1691 1239 Radulphua
1718 1156 1759 1219 de

260 1240 436 1326 Daubeney
450 1242 612 1324 quondam
629 1245 741 1307 tenuit
755 1244 879 1307 ibidem
955 1284 967 1296 -
1057 1284 1068 1296 -
1132 1248 1168 1296 ’-
1258 1286 1269 1297 -
1360 1287 1370 1297 -
1461 1284 1472 1295 -
1560 1243 1641 1329 iijn.
1657 1242 1758 1329 iiijn.

305 1401 353 1465 De
369 1402 526 1467 Edwardo
541 1402 724 1489 Gourtenay
739 1426 796 1489 pro
811 1406 856 1471 di.
872 1408 894 1472 f.
911 1429 956 1473 m.
972 1408 1006 1470 in
1024 1408 1245 1471 Hermaion
1270 1408 1357 1494 qnod
1384 1408 1485 1491 Hugo
1508 1409 1549 1473 de
1576 1408 1759 1490 courtenay

261 1490 423 1571 quondam
448 1493 554 1555 tenuit
582 1491 716 1569 ibidem,
741 1514 780 1557 eo
805 1494 889 1576 quod
913 1496 1000 1558 idem
1025 1495 1202 1558 Edwardns
1216 1505 1265 1558 est
1279 1496 1362 1558 infra
1378 1503 1498 1560 etatem
1513 1502 1547 1559 eh
1562 1499 1595 1558 in
1612 1495 1759 1559 custodia

261 1577 384 1639 domini
409 1579 494 1663 regia
522 1580 660 1643 durante
686 1581 810 1643 minore
833 1585 922 1645 etate
952 1604 1021 1660 aua,
1047 1580 1158 1647 nichil.
1207 1584 1409 1661 (Carwelierl.)
1457 1583 1640 1647 Onerantur
1665 1603 1760 1665 auper

261 1669 446 1747 compotum
462 1667 503 1729 de
519 1664 599 1751 rije.
616 1666 715 1751 iiijd.
735 1668 875 1745 (added.)

306 1832 352 1895 De
375 1830 524 1896 Johanne
550 1834 715 1898 Deneham
738 1856 796 1917 pro
820 1837 919 1898 bercia
943 1842 1036 1919 parte
1058 1856 1113 1902 un.
1129 1836 1153 1902 f.
1170 1858 1215 1902 m.
1232 1839 1267 1900 in
1290 1837 1470 1901 Boxnwnn
1485 1838 1657 1901 Darem
1672 1836 1758 1922 qnod

260 1917 455 2001 Margareia,
472 1941 534 2005 que
550 1922 615 1984 fuit
630 1942 710 1985 uror
724 1920 884 1985 Johannia
900 1922 1058 2001 Denham,
1074 1924 1239 2006 quondam
1254 1927 1365 1989 tenuit
1380 1925 1504 1989 ibidem
1580 1925 1604 2011 ij
1610 1949 1651 1991 ‚a
1668 1925 1756 2010 fijai.

303 2080 351 2143 De
367 2078 557 2144 Elizabetha
573 2081 734 2145 Botreaux
750 2103 807 2165 pro
830 2082 857 2167 j.
873 2082 895 2148 f.
911 2104 957 2148 m.
974 2084 1008 2146 in
1026 2082 1232 2148 Bnarrrdron
1247 2086 1334 2168 quod
1351 2085 1489 2150 Iaabelia
1504 2087 1665 2151 Botreaux
1685 2084 1751 2174 [et]

260 2168 367 2250 Agnes
383 2167 537 2231 Sammell
552 2169 714 2253 quondam
731 2176 911 2233 tenuerunt
925 2170 1050 2235 ibidem
1144 2212 1154 2222 -
1244 2213 1255 2224 -
1346 2213 1356 2224 -
1446 2214 1457 2224 -
1545 2174 1755 2260 vj.a.ru1d

304 2330 352 2393 De
367 2330 556 2395 Elizabetha
572 2331 735 2396 Bohreaux
750 2353 807 2416 pro
821 2338 937 2417 quarta
952 2339 1046 2418 parte
1061 2355 1116 2399 un.
1132 2334 1154 2399 i.
1171 2356 1216 2401 m.
1233 2337 1268 2398 in
1286 2335 1435 2400 WALTON
1450 2338 1535 2421 quod
1562 2336 1694 2402 Juliana
1716 2338 1757 2401 de

188 2441 194 2451 ·
261 2417 392 2481 Walton
407 2410 569 2501 buondam
585 2421 695 2483 tenuit
710 2420 832 2484 ibidem
856 2456 1575 2477 --------
1663 2426 1755 2491 Μ.

303 2580 352 2643 De
375 2579 526 2645 Johanne
549 2581 714 2645 Pederton
739 2603 797 2666 pro
823 2588 939 2668 quarta
962 2589 1057 2669 parte
1081 2605 1136 2651 un.
1152 2584 1175 2650 f.
1190 2608 1236 2651 m.
1265 2588 1299 2649 in
1327 2587 1493 2651 Hemone
1514 2594 1549 2651 et
1574 2588 1758 2651 lemnon

259 2669 343 2751 quod
364 2668 524 2733 Walterua
538 2670 578 2733 de
593 2668 772 2735 Folkelond
787 2671 951 2753 quondam
967 2673 1077 2735 tenuit
1091 2672 1268 2736 ibidem·
1359 2715 1370 2726 ·
1461 2716 1473 2726 -
1562 2715 1573 2727 -
1662 2678 1757 2742 aad.

302 2831 352 2893 De
381 2832 497 2895 abbate
527 2832 566 2895 de
596 2831 802 2916 Keynesham
832 2855 890 2917 pro
920 2842 1037 2920 quarta
1065 2841 1160 2918 parte
1191 2855 1246 2901 un.
1277 2837 1301 2903 f.
1328 2859 1374 2902 m.
1398 2840 1434 2901 in
1464 2838 1632 2903 Honcorssr
1660 2860 1756 2923 quam

258 2918 496 3001 predecessores
512 2920 562 2982 sui
578 2921 740 3005 quondam
757 2928 930 2985 tenuerunt
945 2921 1083 2999 ibidem,
1108 2922 1209 2986 nichil
1234 2926 1430 3008 respondent
1455 2927 1532 3009 quia
1554 2925 1758 2991 decimabile.

262 3008 466 3084 (Cancelled.)
513 3006 793 3090 Superonerantur
807 3009 846 3071 de
862 3030 913 3073 xx.
921 3010 953 3073 d.
974 3010 1114 3088 (added.)

303 3168 350 3230 De
366 3166 514 3232 Johanne
529 3167 673 3231 Tourbon
690 3172 817 3248 (rectius
833 3169 1011 3253 Stourton),
1028 3171 1163 3251 seniore,
1180 3193 1239 3256 pro
1254 3174 1278 3259 j.
1296 3173 1319 3239 f.
1337 3195 1383 3239 m.
1399 3176 1436 3237 in
1451 3173 1650 3239 Ranna'roxa
1670 3175 1755 3259 quod

258 3253 431 3339 Philippus
447 3256 487 3319 de
507 3256 696 3341 Wellealegh
713 3257 876 3341 quondam
892 3260 1001 3321 tenuit
1016 3258 1138 3322 ibidem
1240 3296 1253 3307 ·
1343 3302 1354 3312 -
1445 3302 1455 3312 -
1544 3263 1625 3347 rja.
1643 3262 1753 3348 viij.d.

302 3417 349 3483 De
377 3418 524 3482 Johanne
558 3417 718 3481 Pederton
760 3436 817 3499 pro
841 3416 866 3503 j.
892 3416 915 3483 f.
947 3418 981 3480 in
1020 3418 1253 3481 Haanrnrrron
1288 3419 1372 3503 quod
1407 3416 1571 3483 Johanner
1606 3419 1757 3504 Tourney

259 3506 422 3590 quondam
438 3505 548 3568 tenuit

301 3664 348 3728 De
374 3661 523 3727 Johanne
547 3661 668 3747 Typioi
692 3681 749 3744 pro
774 3661 819 3727 di.
846 3662 869 3727 f.
894 3682 940 3727 m.
967 3662 1002 3725 in
1027 3660 1201 3726 Sraarron
1223 3664 1309 3747 quod
1334 3663 1496 3729 walterus
1526 3665 1567 3728 de
1593 3664 1755 3749 Pavelegh

257 3753 422 3837 quondam
437 3751 545 3815 tenuit
561 3748 683 3812 ibidem
747 3789 758 3799 -
849 3789 859 3799 -
951 3790 961 3800 -
1052 3790 1063 3800 -
1153 3790 1164 3801 -
1456 3792 1467 3803 ·
1556 3752 1754 3839 iijniiijai.

302 3916 350 3979 De
376 3912 564 3979 Elimbetha
589 3911 749 3975 Botreaux
774 3932 830 3994 pro
861 3912 906 3979 di.
932 3913 954 3979 f.
979 3934 1024 3979 m.
1048 3915 1082 3977 in
1113 3915 1320 3980 Lorrnanon
1349 3914 1435 4001 quod
1461 3916 1568 4002 Agnes
1599 3915 1756 3981 Sammell

258 4003 420 4087 quondam
437 4002 545 4065 tenuit
558 3999 682 4063 ibidem
750 4039 761 4049 ·
852 4040 862 4050 -
953 4040 963 4051 ·
1458 4044 1469 4055 -
1557 4004 1639 4092 rije.
1654 4003 1754 4091 iiijn.

302 4172 348 4235 De
363 4169 481 4234 herede
496 4166 656 4233 Johannia
670 4168 710 4232 de
724 4168 881 4252 Newbyry
896 4190 954 4254 pro
970 4175 1084 4255 quarta
1107 4177 1200 4254 parre
1219 4191 1275 4235 un.
1292 4171 1316 4238 f.
1333 4193 1379 4236 m.
1396 4174 1430 4234 in
1446 4172 1655 4236 Iennoron
1668 4173 1754 4256 quod

257 4258 421 4324 Johannee
434 4258 474 4320 de
490 4255 669 4340 Newebury
684 4256 846 4339 quondam
863 4258 971 4320 tenuit
986 4257 1108 4321 ibidem
1153 4296 1571 4309 -----
1659 4282 1710 4326 rx.
1720 4263 1753 4326 d.

301 4418 349 4481 De
373 4418 520 4485 Johanne
545 4414 674 4478 Russell
700 4436 759 4500 pro
786 4416 811 4502 j.
837 4415 860 4479 f.
887 4439 932 4485 m.
960 4418 994 4479 in
1024 4418 1251 4483 Mrnnmoorr
1280 4420 1366 4502 quod
1391 4418 1547 4483 Ricardua
1573 4420 1755 4505 Frauneeya

255 4507 418 4592 quondam
435 4504 544 4567 tenuit
557 4502 681 4566 ibidem
736 4542 1456 4557 --------
1544 4507 1588 4592 vj.
1599 4530 1625 4571 ε.
1642 4507 1710 4595 viij.
1720 4510 1754 4574 d.

301 4670 349 4732 De
374 4666 523 4731 Johanne
551 4665 716 4745 Sionrton,
744 4668 878 4747 seniore,
906 4688 961 4752 pro
986 4668 1033 4733 di.
1058 4668 1081 4731 s.
1102 4672 1136 4732 in
1162 4668 1275 4732 eadem
1302 4668 1378 4731 villa
1402 4669 1488 4754 quod
1514 4668 1688 4754 Philippus
1713 4672 1755 4734 de

257 4755 430 4838 Wellealey
445 4754 607 4837 quondam
623 4758 731 4817 tenuit
841 4792 1461 4807 -------
1549 4756 1598 4844 iij.
1608 4780 1634 4823 a.
1649 4756 1753 4844 iiij.d.

301 4916 349 4978 De
373 4910 563 4977 Elimbetha
586 4910 726 4976 Botreux
752 4934 809 4998 pro
835 4914 909 4999 iiij‘·
930 4923 1022 4997 parte
1045 4914 1069 5001 j.
1085 4915 1108 4978 i.
1133 4916 1168 4978 in
1194 4914 1429 4976 Krrrrraasnon
1453 4912 1538 4998 qnod
1564 4911 1754 4995 Radulphur

256 5003 434 5085 Daubenay
449 4999 611 5087 quondam
628 5003 738 5064 tenuit
751 5002 875 5065 ibidem
891 5000 930 5065 de
945 5002 1011 5066 illis
1026 5002 1132 5066 tribue
1147 5002 1295 5085 partibus
1309 5022 1364 5065 un.
1379 5002 1403 5066 s.
1419 5021 1498 5083 quas
1514 5000 1603 5063 Elias
1617 5000 1704 5063 filius
1719 5011 1754 5064 et

257 5090 350 5154 heres
364 5087 512 5172 Philippi
526 5086 704 5171 Daubeney
719 5087 882 5171 quondam
896 5091 1006 5153 tenuit
1020 5090 1143 5152 ibidem
1158 5095 1192 5153 et
1207 5089 1293 5152 unde
1307 5089 1424 5171 eadem*
1446 5087 1636 5151 Elimbetha
1661 5094 1753 5151 tenet

256 5178 394 5241 eundem
412 5178 480 5257 (rie)
499 5177 521 5238 i.
537 5180 576 5237 ut
590 5194 686 5259 supra
700 5177 733 5238 in
751 5176 864 5240 eadem
880 5176 956 5240 villa

632 5332 797 5397 feodorum
808 5334 917 5420 :-vij.
935 5337 956 5399 i.
972 5335 1016 5400 di.
1034 5343 1068 5400 et
1083 5335 1135 5423 iij·
1154 5356 1228 5420 parr
1241 5344 1276 5399 et
1289 5336 1364 5423 ffija
1385 5356 1458 5418 pars
1472 5335 1497 5422 j.
1514 5335 1537 5398 f.

470 5376 605 5442 summa
631 5421 837 5495 denariorum
847 5422 1002 5507 z-liij.r.
1018 5424 1107 5511 xjnr.
