4117 6209
920 680 1002 746 tl).
1028 684 1124 748 1431.
1702 679 1763 742 261

307 965 471 1032 Johsnnss
498 967 687 1037 Onneslovs
712 972 754 1036 de
779 971 950 1037 Onneslov
964 977 998 1036 et
1021 972 1197 1055 participes
1212 971 1263 1033 sui
1277 974 1392 1034 tenent
1406 970 1441 1032 in
1457 968 1597 1034 Horror
1600 970 1762 1118 Rumam

264 1059 387 1137 portem
401 1054 428 1140 j.
444 1057 467 1120 f.
482 1077 527 1124 m.
543 1078 604 1144 que
618 1065 667 1122 est
683 1059 822 1143 parcella
836 1061 1057 1144 predictorum
1071 1058 1108 1143 ij.
1123 1059 1146 1123 f.
1162 1063 1197 1122 et
1212 1056 1297 1120 valet
1315 1075 1510 1140 perannum
1525 1061 1588 1120 etc.
1636 1077 1680 1120 ,a

309 1181 457 1263 lsabella,
472 1205 535 1269 que
559 1185 626 1250 init
651 1208 729 1251 uxor
753 1188 910 1252 Johanuis
936 1188 1089 1252 Ludelovv
1104 1187 1143 1250 de
1168 1185 1316 1272 Tvyford
1342 1187 1377 1249 in
1404 1187 1564 1249 comitatu
1579 1182 1763 1258 Herfordis,

267 1269 410 1349 sedesve,
425 1276 516 1335 tenet
530 1275 711 1337 manerium
728 1275 769 1338 de
783 1276 972 1342 ll³ssvsuav
986 1275 1028 1339 de
1053 1274 1202 1357 predicto
1225 1275 1345 1338 comite
1370 1292 1429 1355 per
1454 1273 1625 1336 servicium
1651 1274 1763 1354 quarte

265 1357 364 1439 partis
378 1357 403 1443 j.
420 1356 443 1423 f.
458 1379 504 1425 m.
519 1369 555 1424 et
570 1361 658 1425 valet
672 1369 734 1427 etc.
751 1383 778 1429 c.
788 1385 814 1428 a.

308 1482 492 1550 willelmus
518 1484 659 1568 Spencer
682 1488 723 1551 dc
749 1486 898 1555 Whittou
926 1490 960 1551 in
986 1490 1146 1552 comitatu
1176 1486 1316 1568 Salopie,
1346 1486 1545 1572 gentelmon,
1576 1482 1763 1551 Willslmus

265 1568 416 1637 Whitton
442 1571 483 1635 de
498 1571 660 1653 Whitton,
676 1576 872 1658 gentelmau,
896 1581 931 1639 et
945 1573 1110 1641 «Iohannes
1124 1595 1166 1658 ap
1182 1573 1316 1639 Griffith
1331 1575 1372 1638 de
1387 1573 1550 1649 Whitton‚
1564 1570 1762 1657 gentelman,

265 1663 379 1722 tenent
407 1661 590 1723 manerium
615 1661 656 1725 de
681 1661 842 1730 Wmvvorv
868 1664 909 1726 de
936 1665 1082 1747 predicto
1107 1662 1229 1726 comite
1254 1682 1313 1745 per
1338 1661 1512 1725 servicium
1539 1658 1637 1722 tercie
1663 1657 1765 1740 partis

265 1744 289 1830 j.
305 1745 328 1811 f.
344 1766 390 1812 m.
406 1752 442 1809 et
457 1746 542 1811 valet
558 1756 621 1812 etc.
638 1747 716 1815 xla.

307 1869 448 1936 Thomas
462 1870 578 1938 corbet
594 1875 635 1938 ds
650 1875 831 1959 Wyllaston
847 1877 881 1938 in
896 1875 1009 1941 eodem
1025 1877 1197 1956 comitatu,
1213 1875 1361 1960 armiger,
1384 1878 1419 1937 et
1438 1870 1572 1938 Griffith
1587 1892 1629 1955 ap
1646 1866 1763 1934 Rerith

265 1958 306 2022 de
319 1960 433 2023 eodem
448 1962 620 2039 comitatu,
640 1962 840 2047 gentelmsn,
858 1968 971 2028 tenent
993 1971 1083 2028 certa
1108 1970 1209 2026 terras
1235 1969 1271 2027 et
1296 1967 1485 2026 tenementa
1510 1961 1545 2023 in
1560 1960 1764 2026 anmsvorv

265 2066 321 2130 per
335 2048 509 2112 servicium
525 2049 621 2114 tercie
637 2051 739 2134 partis
754 2051 779 2137 j.
796 2049 817 2117 i.
834 2071 879 2116 m.
895 2051 935 2115 ds
949 2051 1039 2114 dicto
1053 2050 1185 2130 comite,
1200 2056 1236 2115 et
1250 2049 1338 2113 valet
1352 2057 1415 2114 etc.
1431 2048 1474 2113 xl.
1484 2071 1510 2114 s.

310 2171 354 2236 El
379 2176 481 2239 “¹⁰5²
510 2197 583 2259 P⁸1⁸
611 2176 636 2263 i.
653 2178 676 2243 f.
700 2198 745 2244 m.
772 2180 805 2240 in
832 2179 1089 2246 levnsssusuu
1114 2183 1164 2243 est
1189 2178 1224 2241 in
1248 2197 1349 2241 mauu
1372 2176 1501 2239 domini
1523 2177 1611 2260 regis
1635 2174 1764 2237 racione

266 2261 684 2431 ffrleztpzitzeotgffitiohannis
701 2263 842 2350 Burghe,
859 2265 919 2329 filii
935 2273 970 2328 et
985 2265 1115 2330 heredis
1132 2263 1322 2330 Elizabethe
1339 2261 1481 2348 Burgbe,
1505 2269 1540 2326 et
1567 2267 1698 2325 tenetur
1723 2259 1764 2322 de

308 2471 486 2554 Jobaunes,
508 2475 660 2540 dominus
684 2475 811 2554 Talbot,
834 2473 988 2555 ohivaler,
1012 2485 1047 2540 et
1070 2477 1156 2560 prior
1181 2477 1222 2540 de
1248 2477 1340 2540 Nova
1364 2475 1515 2554 Ablacia,
1529 2495 1566 2536 ac
1583 2472 1767 2537 Willelmus

267 2562 370 2624 Acten
407 2562 447 2624 de
479 2563 580 2626 Acton
618 2564 652 2625 in
690 2563 805 2626 eodem
842 2565 1010 2638 comitatu,
1040 2563 1266 2647 iraunlselayn,
1296 2569 1330 2627 et
1367 2563 1540 2648 participes
1570 2560 1622 2624 rui
1651 2566 1767 2623 tenent

268 2649 722 2804 pplapterertuemodgdnuvaanav
737 2649 778 2716 ds
794 2650 937 2733 predicto
952 2652 1071 2714 comita
1086 2671 1143 2734 per
1157 2653 1329 2715 servicium
1345 2650 1442 2714 tercie
1467 2649 1569 2732 partis
1589 2647 1616 2732 j.
1631 2647 1654 2711 i.
1671 2668 1716 2713 m.
1733 2650 1768 2709 et

311 2860 495 2926 Willelmus
524 2863 563 2925 de
587 2863 692 2926 Acton
718 2869 750 2927 et
781 2864 956 2948 participes
985 2865 1037 2927 sui
1065 2869 1181 2928 tenent
1206 2871 1295 2929 certa
1324 2871 1426 2928 terras
1455 2870 1488 2928 et
1518 2868 1707 2927 tenemento
1732 2862 1767 2923 in

269 2951 383 3017 llvvorv
398 2950 438 3014 ds
454 2950 598 3034 predicte
613 2951 732 3014 comite
747 2971 805 3034 per
818 2953 989 3015 servicium
1004 2959 1092 3016 sexte
1106 2954 1209 3036 partis
1223 2951 1247 3039 j.
1265 2953 1287 3017 f.
1304 2973 1350 3018 m.
1367 2958 1400 3015 et
1418 2952 1527 3016 valent
1543 2959 1604 3016 etc.
1621 2950 1664 3013 xl.
1674 2968 1701 3012 s.

312 3073 469 3140 Ricardus
483 3075 610 3154 Pastur,
627 3077 812 3161 capellanus
828 3079 867 3141 de
883 3077 1078 3155 Hanevvode‚
1093 3080 1128 3141 iu
1144 3079 1258 3142 eodem
1272 3080 1446 3158 comitatu,
1463 3085 1551 3142 tenet
1565 3085 1651 3140 certa
1665 3082 1769 3140 terras

268 3163 553 3317 zllzetngfflezlajn
569 3164 763 3230 Hauswons
778 3165 818 3227 de
833 3165 979 3248 predicto
993 3167 1114 3228 comite
1128 3186 1185 3249 per
1200 3166 1369 3229 servicium
1385 3173 1475 3230 sexte
1490 3166 1591 3248 partis
1600 3164 1628 3248 j.
1641 3163 1664 3228 l.
1678 3185 1723 3229 m.
1735 3170 1770 3225 et

286 3375 426 3528 t(loppa
437 3375 616 3527 ttgtnlt'iordie
630 3381 723 3442 tenet
737 3376 956 3442 hamelettum
971 3377 1013 3442 de
1028 3377 1125 3444 Hora
1139 3399 1195 3462 per
1209 3379 1381 3442 servicium
1404 3383 1492 3442 sexte
1514 3378 1617 3461 partis
1640 3376 1665 3462 j.
1682 3376 1705 3442 s.
1721 3397 1767 3442 m.

268 3486 285 3528 e
317 3485 386 3529 vae
417 3484 434 3527 e
472 3512 480 3530 .
510 3482 572 3529 xe.

313 3589 413 3655 Sexta
428 3609 498 3672 pars
511 3591 535 3676 j.
551 3589 574 3656 f.
590 3611 636 3657 m.
652 3590 687 3652 in
704 3591 889 3658 Hssuansv
903 3601 954 3656 cst
968 3594 1002 3655 in
1019 3613 1119 3655 manu
1134 3591 1260 3654 domini
1275 3574 1362 3678 regis
1377 3591 1506 3656 racione
1521 3593 1655 3656 minoris
1671 3593 1770 3654 etatis

269 3678 407 3762 predicti
422 3675 578 3741 Johannis
594 3676 734 3763 Borghe.

312 3801 478 3868 lohannes
502 3801 649 3886 Fitrpers
675 3804 716 3868 de
743 3801 969 3889 Cheylmerehs
993 3806 1029 3868 in
1053 3805 1169 3869 eodem
1192 3805 1364 3883 comitatu,
1390 3806 1541 3889 armiger,
1565 3811 1659 3868 tenet
1683 3812 1771 3868 certa

270 3897 424 4043 Epr'rplsepltt
434 3894 623 4044 teetperplepta
636 3891 670 3953 in
683 3893 793 3958 Αετοη
808 3893 848 3956 de
865 3892 1009 3976 predicto
1024 3893 1145 3956 comite
1160 3912 1217 3976 per
1232 3892 1403 3956 servicium
1418 3894 1518 3956 tercie
1533 3892 1636 3976 partis
1650 3892 1674 3978 j.
1688 3893 1712 3958 f.
1722 3914 1768 3958 m.

313 4102 474 4169 Johannis
496 4101 630 4167 Radclii
655 4103 696 4168 ds
721 4105 883 4167 comitatu
911 4104 1112 4182 Leucastrie‚
1133 4102 1289 4182 ohivaler,
1313 4111 1347 4167 et
1376 4103 1546 4181 Katerina‚
1582 4125 1660 4167 uxor
1688 4106 1770 4190 ejus,

272 4197 385 4256 tenent
399 4191 582 4255 manerium
596 4190 637 4255 ds
653 4190 837 4258 Loucnnou
852 4210 908 4276 per
923 4194 1095 4256 servicium
1106 4192 1134 4276 j.
1149 4191 1173 4257 f.
1190 4212 1235 4258 m.
1250 4197 1284 4254 et
1299 4193 1388 4254 valet
1401 4198 1463 4256 etc.
1480 4189 1565 4274 ijr'.

315 4319 399 4385 Item
415 4317 528 4382 dicunt
546 4318 631 4404 quod
646 4338 711 4382 non
728 4326 805 4383 sunt
820 4319 938 4402 plures,
955 4328 1017 4387 etc.
1037 4328 1086 4400 (aa
1100 4322 1227 4405 before).

748 4558 968 4626 Hvunnsnnn
991 4581 1036 4626 ur
1059 4557 1299 4627 GHIRBUBY.

317 4693 500 4782 inquisicio
515 4692 675 4758 hundredi
691 4693 731 4758 de
745 4693 903 4778 Chirbury
919 4700 1015 4777 capta
1029 4693 1117 4778 apud
1132 4693 1361 4779 Bruggencrth
1386 4693 1441 4756 die
1464 4691 1596 4758 Sabbati
1623 4696 1771 4776 proxima

272 4789 349 4847 ante
373 4781 495 4846 lectum
521 4781 634 4846 Sancti
661 4781 809 4860 Martini,
826 4783 981 4866 episcopi,
995 4787 1059 4847 etc.
1079 4787 1127 4859 (cs
1142 4782 1271 4865 before),
1285 4801 1343 4864 per
1357 4789 1597 4843 sacramentum
1615 4779 1771 4843 Willelmi

274 4869 473 4946 Umtrsstcn,
507 4867 667 4933 Johannis
703 4868 905 4954 Hadyngtou
935 4869 977 4932 de
1007 4869 1219 4953 Hadyngton,
1251 4867 1408 4930 ll'illelmi
1437 4866 1613 4942 Foldhons‚
1643 4867 1771 4930 Ricardi

275 4955 449 5033 Whitmen
462 4953 621 5020 Johannis
636 4955 720 5040 Pery
734 4955 774 5019 de
790 4954 1003 5042 Albryghton,
1018 4955 1138 5039 Rogeri
1163 4954 1301 5019 Freman
1325 4955 1365 5018 de
1386 4953 1601 5038 Albvyghton,
1617 4954 1773 5017 Willelmi

273 5042 408 5120 Fovler,
432 5042 590 5108 Johannis
611 5041 751 5126 Jovlsys,
769 5042 924 5108 Willelmi
949 5043 1100 5125 Elyottes
1124 5044 1165 5106 de
1191 5041 1372 5120 Lndesdon,
1391 5040 1547 5106 Willelmi
1571 5043 1771 5126 Oldyngtcn,

271 5130 391 5194 Thome
406 5128 624 5215 Thomky(n)s
639 5129 680 5194 de
693 5129 846 5209 Akeltcn,
860 5137 893 5194 et
909 5129 1070 5194 Johannis
1086 5129 1234 5213 Haunys,
1250 5130 1306 5214 qui
1321 5128 1438 5191 dicunt
1450 5129 1535 5213 quod
1546 5153 1599 5193 :-

317 5286 477 5352 Walterns
502 5285 667 5350 llolxclton
694 5285 734 5349 de
762 5285 928 5350 Holralton
952 5285 993 5348 de
1017 5284 1179 5349 comitatu
1205 5283 1346 5367 Salopie,
1360 5284 1563 5367 geutelman‚
1579 5288 1669 5346 tenet
1687 5287 1777 5344 certa

273 5379 375 5437 terras
389 5381 422 5438 et
437 5379 625 5439 tenementa
651 5374 685 5436 in
710 5372 894 5441 Hoxsnrorv
917 5373 958 5437 ds
981 5373 1067 5435 duce
1093 5373 1229 5435 Eboraci
1254 5390 1311 5454 per
1335 5371 1507 5434 servicium
1533 5373 1648 5452 quarte
1674 5366 1775 5452 partis

274 5460 299 5546 j.
315 5459 338 5527 i.
352 5482 397 5530 m.
413 5468 448 5526 et
463 5461 571 5526 valam
587 5467 650 5526 ato.
667 5459 742 5525 xlc.
