4117 6209
890 676 974 740 A.D.
999 679 1096 742 1402.
1678 683 1742 746 363

238 946 331 1027 Gari,
352 949 506 1016 Willelmi
524 955 649 1040 Baylly,
665 958 789 1022 Thome
807 961 983 1041 Alvernnte,
1001 963 1134 1025 Roberli
1149 970 1219 1026 otte
1246 963 1388 1045 Thorne‚
1406 966 1543 1031 Roberti
1567 967 1739 1045 Gordium,

237 1032 396 1101 Johannis
423 1040 573 1121 Hsrvvod,
597 1042 757 1110 Johannis
781 1046 914 1131 Vikery,
928 1049 1087 1113 Johannis
1103 1050 1258 1123 Orchard‚
1273 1060 1307 1113 et
1321 1052 1343 1114 J
1345 1050 1480 1117 ohannis
1495 1054 1664 1134 Arnudell,
1680 1056 1737 1139 qui

237 1120 352 1186 dieunt
367 1144 463 1210 super
479 1138 716 1195 sacramentum
733 1154 830 1198 suum
847 1138 930 1218 quod
943 1160 995 1199 :-

282 1295 399 1362 Petrus
425 1302 604 1387 courtenay
621 1310 715 1371 tener
741 1304 936 1394 ba[ll]ivem
964 1310 1004 1374 de
1028 1312 1195 1377 Exnuouu
1219 1314 1319 1376 annui
1342 1314 1460 1378 valoris
1483 1314 1573 1401 rije.
1591 1314 1679 1400 vid.
1696 1316 1736 1379 de

238 1382 369 1448 domino
387 1408 458 1473 rege
474 1390 526 1455 i.c.
543 1394 577 1453 iu
594 1397 735 1477 socagio‚
750 1417 847 1480 quom
865 1398 1017 1463 Matheus
1034 1398 1158 1463 Pecche
1183 1400 1347 1485 quondam
1370 1404 1478 1465 tenuit
1501 1403 1625 1466 ibidem
1651 1404 1737 1467 inira

237 1467 441 1537 hundredum
458 1478 648 1543 Liberorum
665 1482 899 1550 Maneriorum.

280 1608 323 1669 Et
339 1611 424 1692 quod
440 1618 590 1679 tenentes
606 1623 767 1681 terrarum
795 1624 830 1683 et
854 1624 1117 1685 teuemeniorum
1144 1644 1207 1706 que
1234 1625 1398 1708 quondam
1425 1626 1559 1689 fuerunt
1583 1627 1735 1691 heredum

236 1694 386 1759 Nicholai
402 1698 536 1778 Pecche‚
550 1703 709 1767 Johannis
726 1705 863 1786 Durani,
879 1713 914 1771 eb
929 1708 950 1771 J
953 1708 1090 1772 ohannis
1117 1710 1271 1795 Hayrouu
1299 1712 1334 1775 in
1358 1714 1525 1780 Nuwnrorv
1550 1719 1583 1777 ei
1607 1716 1734 1794 Euros,

237 1803 299 1864 que
326 1783 473 1868 Rogerue
501 1790 669 1854 Wrotham
700 1794 865 1876 quondam
894 1798 1006 1858 bennit
1035 1796 1159 1859 ibidem
1185 1805 1221 1860 et
1246 1804 1344 1863 antea
1369 1801 1522 1864 Matheus
1547 1801 1668 1865 Pecche
1694 1804 1735 1865 de

237 1868 368 1933 domiuo
393 1893 468 1955 rege
492 1877 544 1941 i.c.
561 1879 630 1943 siue
656 1879 764 1943 medio
789 1902 845 1963 per
872 1884 1047 1945 servicium
1075 1884 1218 1948 militare
1242 1906 1299 1969 pro
1323 1893 1438 1971 quarta
1462 1894 1554 1971 parte
1569 1888 1593 1973 j.
1611 1889 1633 1951 f.
1649 1889 1734 1953 infru

237 1957 440 2023 hundredum
455 1964 650 2044 predictum.

280 2095 325 2156 ut
350 2099 437 2179 qnod
462 2104 607 2165 tenentes
633 2111 794 2168 terrarum
821 2110 854 2167 et
882 2112 1145 2172 tenementornm
1172 2132 1234 2195 que
1260 2107 1422 2194 quondam
1449 2109 1583 2172 luerunt
1607 2108 1734 2175 heredis

237 2180 257 2243 J
259 2179 395 2245 ohannis
414 2186 479 2265 lve,
494 2188 556 2250 filii
572 2198 606 2251 et
622 2192 748 2255 heredis
765 2192 869 2255 hlioie
885 2194 925 2255 de
943 2194 1061 2258 Hercle
1077 2201 1190 2261 tenent
1205 2204 1356 2280 quartam
1381 2201 1508 2277 partem
1532 2198 1555 2281 j.
1574 2198 1596 2259 f.
1612 2198 1732 2261 ibidem

235 2269 449 2437 ghedihhhhhw
489 2296 564 2361 rege
604 2280 657 2342 ic.
690 2280 759 2341 sine
789 2280 897 2342 medio
934 2301 990 2363 per
1031 2286 1204 2347 servicium
1238 2285 1383 2347 militare
1412 2283 1496 2346 inira
1525 2281 1733 2349 hundredum

281 2494 325 2557 Ei
351 2498 436 2578 quod
468 2520 575 2564 comes
602 2502 769 2566 Durmoud
801 2505 863 2581 (1.1.
892 2504 933 2566 de
963 2500 1118 2579 Ormoud)
1151 2505 1244 2563 tenet
1273 2499 1397 2562 ibidem
1429 2506 1576 2564 octavam
1605 2506 1733 2583 purtem

235 2579 258 2664 j.
277 2582 300 2645 f.
317 2583 439 2647 ibidem
457 2608 555 2671 quam
573 2589 733 2653 Heuricus
754 2589 883 2655 Powere
908 2591 1073 2674 quondam
1099 2589 1209 2651 tenuit
1236 2587 1360 2689 ibidem
1384 2594 1531 2689 etnuiea
1546 2586 1733 2670 Stephanus

235 2667 419 2836 ffigffigmrllss
439 2672 572 2739 domiuo
594 2697 671 2761 rege
696 2680 747 2743 i.c.
764 2678 834 2740 siue
859 2680 965 2741 medio
992 2698 1050 2761 per
1074 2675 1249 2739 servicium
1267 2674 1411 2738 mrhtsre
1426 2676 1512 2739 iufra
1526 2674 1731 2739 hundredum

280 2890 322 2952 Et
349 2894 435 2974 quod
462 2895 619 2959 Ricardus
644 2897 744 2981 Mayn
769 2903 861 2962 tenet
887 2899 970 2983 xij·m
989 2903 1116 2982 parbem
1142 2898 1167 2981 j.
1185 2897 1207 2960 f.
1235 2895 1356 2958 ibidem
1384 2896 1547 2982 quondam
1573 2897 1732 2961 Johannis

235 2974 360 3041 Garton
388 2983 549 3065 quondam
575 2986 683 3048 tenuit
703 2986 828 3048 ibidem
855 2986 895 3049 de
923 2987 1056 3049 domiuo
1082 3005 1157 3068 rege
1181 2985 1233 3048 i.c.
1249 2985 1320 3045 siue
1344 2986 1452 3047 medio
1477 3005 1535 3067 per
1560 2986 1730 3048 servicium

235 3064 378 3129 militare
393 3070 477 3133 inira
492 3067 698 3134 hundredum
713 3073 910 3155 predictum.

279 3202 320 3263 Et
348 3204 434 3285 quod
457 3205 547 3267 idem
572 3208 729 3271 Ricardus
754 3208 854 3291 Meyu
879 3216 972 3271 tenet
986 3209 1075 3293 xij·¹¹¹
1093 3212 1219 3289 parbem
1234 3206 1257 3291 j.
1274 3207 1297 3269 f.
1314 3206 1438 3269 ibidem
1454 3228 1551 3288 qnam
1569 3206 1732 3271 Johannes

235 3286 360 3351 (lurion
386 3292 550 3374 quondam
572 3296 680 3357 bennit
704 3295 824 3357 ibidem
851 3296 891 3358 de
913 3296 1047 3358 domiuo
1070 3314 1147 3377 rege
1172 3295 1226 3357 i.o.
1254 3298 1322 3356 siue
1348 3295 1457 3356 medio
1480 3313 1537 3375 per
1558 3298 1731 3359 servicium

236 3376 375 3439 militare
390 3378 475 3441 inira
491 3377 694 3444 hundredum
711 3383 908 3465 predictum.

279 3514 322 3576 Ei
348 3516 435 3597 quod
458 3516 649 3581 Francisous
668 3516 829 3581 Scholand
854 3523 947 3581 tenet
963 3523 1114 3603 quart-em
1129 3522 1255 3598 partem
1271 3515 1296 3599 j.
1313 3516 1336 3579 f.
1353 3517 1387 3578 iu
1404 3516 1615 3594 Gurusrvoun,
1631 3539 1729 3601 quem

236 3599 394 3664 Heuricus
411 3602 603 3667 Schololond
632 3608 698 3684 (sic)
727 3606 890 3689 quondam
913 3608 1022 3668 tenuit
1047 3604 1087 3667 de
1114 3604 1247 3665 domino
1269 3623 1345 3687 rege
1368 3604 1421 3667 i.c.
1439 3608 1509 3666 siue
1535 3604 1646 3668 medio
1671 3627 1730 3690 per

235 3690 406 3751 servicium
422 3691 564 3755 militare
579 3692 663 3755 infra
677 3691 886 3756 hundredum
902 3691 1094 3776 predictum.

278 3819 322 3882 Et
347 3822 431 3905 qnod
456 3843 519 3885 non
544 3830 621 3886 sunt
648 3823 742 3907 plura
765 3826 922 3901 maneria,
946 3830 1041 3904 terre,
1068 3845 1125 3888 seu
1152 3831 1340 3889 tenemento
1371 3822 1494 3912 [tenta]
1526 3825 1567 3890 de
1594 3824 1728 3890 domiuo

233 3926 307 3991 rege
322 3909 373 3973 i.c.
388 3910 458 3971 sine
473 3911 582 3973 medio
600 3931 656 3994 per
672 3913 846 3975 servicium
862 3912 1004 3975 militare
1019 3914 1128 3975 necin
1143 3914 1283 3996 sooagio.

276 4036 317 4106 In
333 4045 426 4132 cujus
440 4048 488 4109 rei
504 4049 730 4113 testimouium
744 4030 816 4115 eto.¹

693 4240 799 4247 -0--q—
805 4241 1168 4247 ..m—mm·
1176 4240 1293 4247 .--—-—=

847 4353 944 4424 Am.
991 4351 1113 4424 1428.

277 4531 440 4597 Particule
469 4537 610 4619 compoti
643 4537 804 4600 Johannis
840 4536 1018 4600 Muskhsm
1056 4540 1091 4599 ei
1128 4538 1288 4598 sooiorum
1325 4555 1463 4636 suornm·
1497 4535 1727 4637 predictorum,

231 4618 441 4683 collectorum
470 4622 552 4685 dien
581 4625 717 4688 subsidii
748 4626 825 4709 vj.r.
857 4624 968 4710 viijd.
1000 4624 1042 4685 de
1080 4623 1226 4705 quolibet
1264 4622 1357 4684 feodo
1393 4622 1542 4699 mrhiarr,
1582 4630 1728 4723 exceptis

232 4710 445 4790 preexcepnis,
460 4710 586 4791 prefato
602 4714 671 4787 regi
686 4732 774 4775 nuno
790 4713 823 4775 iu
840 4712 984 4794 predicto
1000 4709 1218 4793 parliamento
1233 4730 1291 4771 suo
1306 4708 1392 4789 apud
1405 4708 1728 4811 westmonasterium

231 4792 265 4854 iu
292 4793 434 4875 predicta
459 4798 623 4877 quindena
649 4798 761 4862 Sancti
786 4796 957 4861 Michaelis
982 4798 1073 4860 dioto
1099 4816 1185 4859 anuo
1210 4802 1303 4858 sexto
1326 4796 1360 4857 iu
1377 4798 1534 4895 comitutu
1559 4795 1725 4898 Ι81111111)

231 4884 371 4943 concessi
395 4902 452 4964 per
474 4884 570 4948 breve
590 4886 673 4949 dicti
696 4888 782 4971 regis
796 4886 837 4948 de
853 4906 970 4970 magno
986 4884 1095 4965 sigillo
1113 4904 1171 4946 suo
1197 4890 1312 4966 puteus
1327 4884 1442 4945 datum
1458 4884 1515 4966 vJ‘⁰
1535 4883 1589 4944 dre
1606 4883 1728 4983 dprrlrs

231 4968 344 5029 eodem
371 4989 455 5033 euno
481 4981 573 5034 sexto
599 4974 733 5055 prefatis
757 4974 981 5035 collectoribus
1006 4972 1085 5033 inde
1110 4971 1271 5034 directum
1296 4977 1330 5032 et
1352 4990 1452 5052 penes
1478 4968 1536 5033 has
1551 4970 1727 5052 particulas

231 5073 401 5118 remensus
416 5057 569 5122 videlicet
584 5059 623 5122 de
638 5057 828 5146 hujusmodi
845 5059 988 5123 subsidio
1004 5065 1042 5122 ut
1057 5059 1143 5121 infra
1154 5083 1207 5123 :—

612 5234 835 5301 Hurvununuu
858 5254 901 5299 uu
926 5232 1078 5300 NORTH
1100 5230 1352 5297 PEDERTON.

273 5363 319 5428 De
345 5364 491 5432 Johaune
516 5370 556 5433 de
579 5369 678 5435 Bluet
703 5392 762 5455 pro
777 5391 832 5436 uu.
849 5371 873 5436 f.
890 5390 934 5436 m.
950 5371 984 5433 iu
1003 5369 1120 5436 Nouru
1137 5369 1316 5433 Penusrou
1332 5371 1366 5429 et
1382 5386 1422 5431 m
1437 5364 1626 5467 Monunoun
1640 5365 1725 5466 guod

227 5446 361 5517 heredes
377 5454 534 5520 Johannis
550 5457 589 5521 de
606 5459 733 5543 Erlegh
749 5459 915 5543 quondum
931 5463 1110 5521 tenuerunt
1124 5456 1249 5518 ibidem
1324 5492 1334 5503 -
1425 5493 1435 5504 -
1524 5474 1602 5538 vus.
1618 5454 1726 5538 vu1.d.
