4117 6209
287 673 351 736 262
962 683 1114 750 SALOP.

333 957 440 1023 Hamo
464 961 688 1048 Wynneshury
709 967 750 1030 de
776 966 989 1050 Pylatenhale
1012 970 1048 1031 in
1078 970 1238 1032 comitatu
1264 968 1446 1048 Staffordie,
1471 969 1672 1053 gentelman,
1696 975 1789 1032 tenet

288 1051 375 1147 certa
394 1053 502 1149 ‘terras
525 1055 560 1114 et
584 1057 771 1117 tenementa
796 1055 831 1117 in
857 1055 1093 1122 annasaunv
1118 1062 1152 1120 et
1180 1057 1358 1124 Sraunowa
1382 1057 1422 1119 de
1448 1056 1596 1139 predicto
1621 1057 1704 1120 duce
1730 1076 1788 1138 per

290 1151 462 1198 servicium
477 1139 578 1202 tercie
594 1141 695 1223 partis
709 1140 734 1227 j.
752 1141 774 1206 f.
790 1148 825 1206 et
839 1143 950 1206 valent
965 1151 1031 1208 etc.
1048 1144 1122 1207 lx.s.

332 1285 465 1350 Griffith
505 1289 671 1356 Keneston
710 1295 743 1356 in
782 1297 941 1358 comitatu
979 1295 1121 1380 Salopie‚
1156 1296 1355 1380 gentelman,
1392 1302 1482 1360 tenet
1522 1298 1703 1360 manerium
1747 1297 1788 1360 de

287 1372 479 1442 Wounarorr
504 1378 544 1442 de
569 1380 713 1463 predicto
737 1381 818 1446 duce
843 1404 901 1466 per
925 1385 1097 1447 servicium
1123 1384 1221 1446 tercie
1245 1386 1347 1466 pertis
1373 1385 1398 1469 j.
1427 1385 1449 1449 f.
1473 1406 1519 1450 m.
1545 1385 1631 1470 quod
1655 1385 1787 1467 qnidem

287 1463 469 1526 manerium
495 1464 699 1531 devastatum
724 1474 757 1531 et
782 1470 986 1534 combustum
1009 1470 1075 1533 fuit
1097 1490 1153 1554 per
1179 1469 1315 1534 rebelles
1330 1469 1518 1550 wallenses,
1535 1481 1570 1535 et
1585 1473 1686 1535 nichil
1703 1472 1789 1534 valet

288 1567 494 1630 perannum,
509 1573 546 1616 eo
562 1555 647 1638 quod
663 1557 807 1619 nondum
822 1563 1009 1641 reparatum
1023 1564 1085 1622 est.

331 1697 498 1766 Johannes
524 1702 699 1769 Stocketon
725 1705 766 1771 de
792 1705 967 1772 Stocheton
991 1710 1026 1771 in
1051 1709 1163 1772 eodem
1189 1709 1360 1785 comitatu,
1374 1708 1578 1792 frankeleyn,
1595 1715 1686 1772 tenet
1701 1714 1790 1777 certa

287 1789 437 1852 teneaat
452 1797 642 1854 tenementa
663 1794 697 1854 in
722 1793 927 1861 'savanense
951 1803 985 1859 et
1013 1795 1162 1863 Securos
1189 1794 1229 1858 de
1255 1795 1400 1879 predicto
1426 1796 1509 1858 duce
1535 1817 1592 1879 per
1615 1797 1787 1860 servicium

288 1882 401 1958 quarte
416 1878 519 1959 partis
532 1877 557 1964 j
572 1877 595 1944 f.
614 1900 659 1945 m.
676 1887 710 1944 et
726 1880 834 1945 valent
850 1889 912 1947 etc.
928 1883 1005 1949 xla.

331 2024 498 2092 Johaunee
524 2030 667 2096 Skreven
692 2033 732 2098 de
757 2034 886 2118 Salcpia
907 2036 941 2098 in
968 2034 1082 2100 eodem
1098 2036 1269 2113 comitatu,
1284 2037 1486 2120 gentelman,
1500 2041 1592 2098 tenet
1607 2035 1787 2098 manerium

288 2112 328 2175 de
344 2111 485 2182 Mansuri
501 2137 556 2200 per
569 2121 740 2183 servicium
755 2123 944 2186 medietatis
958 2123 982 2208 j.
999 2123 1022 2188 i.
1040 2144 1085 2189 m.
1100 2129 1134 2185 et
1149 2122 1238 2186 valet
1251 2144 1310 2206 per
1324 2142 1446 2186 annum
1463 2128 1525 2186 etc.
1541 2123 1617 2186 lna.

333 2266 498 2332 Howellus
522 2269 743 2336 Cadwalladur
774 2272 814 2338 de
843 2274 1023 2359 Brompton
1055 2275 1090 2337 in
1119 2274 1233 2339 eodem
1264 2277 1435 2355 comitatu,
1465 2276 1663 2360 gentelman,
1695 2279 1788 2338 tenet

289 2355 726 2512 rvrgpppreippmlgletBnorreron
741 2361 782 2425 de
806 2362 952 2444 predicto
967 2364 1049 2426 duce
1072 2383 1130 2446 per
1155 2364 1327 2426 servicium
1352 2373 1463 2427 octave
1488 2365 1591 2446 partie
1610 2363 1637 2445 j.
1655 2363 1678 2426 f.
1695 2383 1739 2427 m.
1754 2367 1786 2424 et

332 2590 506 2678 Philippus
531 2594 703 2679 Mydeltou
729 2598 770 2661 de
796 2598 968 2682 Mydelton
995 2600 1027 2662 in
1055 2600 1168 2664 eodem
1191 2601 1362 2679 comitatu,
1379 2600 1576 2684 gentelman,
1592 2605 1685 2664 tenet
1698 2605 1787 2664 certa

289 2686 388 2742 terras
402 2686 436 2743 et
451 2686 641 2747 tenementa
655 2684 690 2746 in
706 2685 892 2752 Mvnnnrorv
917 2686 956 2749 de
977 2687 1127 2770 predicto
1152 2688 1233 2750 duce
1260 2708 1315 2771 per
1341 2689 1512 2752 servicium
1536 2687 1661 2751 decime
1684 2687 1787 2771 partis

289 2765 315 2851 j.
333 2766 356 2831 f.
373 2787 419 2832 m.
435 2775 470 2832 et
484 2770 595 2835 valent
608 2777 671 2835 eta
686 2771 763 2838 xhe.

335 2918 422 2983 Item
437 2919 553 2985 dicunt
568 2923 652 3009 quod
667 2927 728 2987 etc.
749 2930 797 3004 (as
812 2925 939 3008 heloro).

793 3228 1012 3294 Hunnannnn
1034 3249 1079 3294 nn
1101 3228 1290 3295 OVERES.

338 3374 517 3458 Inquisicio
543 3378 702 3443 hundredi
726 3381 766 3441 de
792 3378 910 3443 Overee
933 3389 1028 3462 capta
1054 3380 1140 3462 apud
1166 3378 1316 3441 Lndlowe
1341 3377 1395 3439 die
1422 3377 1514 3439 Lune
1543 3377 1685 3459 pmima
1710 3384 1786 3438 ante

293 3461 412 3524 festum
440 3463 552 3526 Sancti
580 3466 729 3540 Martini,
756 3467 910 3548 episcopi,
935 3475 997 3531 etc.
1033 3471 1081 3543 (cs
1112 3467 1239 3548 before),
1270 3484 1327 3547 per
1357 3471 1593 3526 sacramentum
1624 3462 1788 3527 Edmnndi

293 3547 479 3633 Suggedon,
494 3551 859 3638 Willelminuggedon,
884 3553 1044 3617 ¹iohannis
1067 3553 1200 3631 Greote,
1222 3550 1341 3636 cheri
1366 3549 1484 3632 Burye,
1505 3549 1629 3615 Thcme
1650 3550 1789 3634 Jowkys,

292 3635 423 3698 Ricardi
435 3638 468 3698 M
471 3639 610 3720 yunedc,
623 3639 781 3702 Willelmi
794 3639 960 3724 Freysdell
972 3640 1024 3720 (i),
1041 3640 1170 3703 Ricardi
1185 3638 1295 3715 Stolre,
1306 3635 1465 3702 Johaunis
1474 3637 1619 3718 Wotton,
1632 3637 1788 3703 Johennis

292 3722 396 3807 Heye,
413 3722 529 3808 Rogeri
545 3725 707 3810 Maylard,
722 3735 757 3790 et
771 3727 929 3791 Johannis
946 3727 1072 3805 Baken,
1086 3731 1142 3812 qui
1158 3727 1271 3790 dicunt
1287 3725 1373 3808 quod
1386 3751 1438 3790 :—

336 3898 493 3962 Ricardus
509 3897 713 3982 (lornewayle
728 3900 768 3964 de
783 3899 937 3964 Boreford
953 3903 984 3963 in
1001 3905 1161 3964 comitatu
1178 3900 1317 3982 Salopie,
1332 3901 1487 3983 armiger,
1503 3905 1595 3962 tenet
1609 3901 1789 3963 manerium

293 3984 333 4048 de
349 3987 529 4053 Boasronn
543 3986 582 4049 de
597 3987 729 4051 domino
743 4009 818 4073 rege
833 3991 886 4054 i.c.
904 4009 959 4072 per
975 3991 1146 4052 servicium
1156 3989 1184 4071 j.
1201 3988 1224 4052 f.
1241 4008 1287 4052 m.
1303 3993 1335 4051 et
1348 3985 1435 4048 valet
1449 3995 1501 4048 etc
1504 4035 1766 4053 ......

337 4136 495 4200 Ricardus
511 4139 657 4202 Lochard
672 4141 711 4202 de
726 4139 848 4205 Grecte
862 4143 898 4203 in
913 4141 1026 4204 eodem
1042 4143 1211 4213 comitatu,
1226 4140 1425 4224 gentelman,
1440 4146 1534 4204 tenet
1548 4141 1729 4203 manerium
1751 4141 1791 4201 de

295 4225 432 4292 Guneus
458 4244 532 4288 cum
556 4228 650 4289 certis
676 4229 770 4292 terris
785 4229 818 4290 in
838 4229 945 4296 Sanun
962 4229 1002 4291 de
1017 4229 1162 4312 predicto
1177 4228 1315 4291 Ricardo
1330 4225 1532 4312 Cornevrayle
1547 4246 1604 4309 per
1620 4226 1789 4290 servicium

291 4313 316 4397 j.
335 4311 357 4377 f.
375 4333 419 4378 m.
435 4312 521 4376 unde
535 4313 600 4377 due
613 4320 720 4396 parles
734 4315 873 4399 predicti
889 4317 974 4380 feodi
990 4318 1117 4380 suntin
1133 4315 1281 4392 (lacurn,
1299 4325 1334 4377 et
1349 4316 1457 4379 valent
1472 4321 1535 4379 etc.
1554 4314 1629 4381 lm.

337 4470 427 4534 Idem
444 4470 600 4534 Ricardus
617 4472 761 4535 Lochard
778 4479 870 4536 tenet
885 4473 1102 4536 hamelettum
1118 4473 1158 4536 de
1174 4473 1318 4540 Wasuorr
1342 4494 1399 4558 per
1414 4474 1586 4537 servicium
1601 4473 1791 4536 medietatis

288 4557 316 4642 j.
334 4557 356 4623 f.
373 4579 419 4624 m.
437 4558 476 4621 de
491 4560 636 4641 predicto
653 4559 791 4623 Ricardo
806 4558 1019 4644 Cornewayle,
1035 4569 1069 4623 et
1084 4560 1171 4624 valet
1185 4568 1248 4623 etc.
1263 4581 1368 4626 xxxa.

337 4711 482 4795 Rogerus
510 4711 723 4799 Gunbrugge,
752 4716 901 4800 armiger,
931 4719 1024 4778 tenet
1054 4715 1233 4778 manerium
1263 4714 1302 4776 de
1333 4713 1549 4779 Tranaerroen
1578 4711 1619 4776 de
1649 4713 1791 4797 predicto

295 4799 432 4864 Ricardo
447 4799 651 4883 Cornevrayle
668 4823 725 4885 per
741 4805 910 4866 servicium
928 4804 1025 4865 tercie
1041 4802 1143 4885 partis
1157 4803 1181 4888 j.
1198 4803 1221 4866 f.
1239 4823 1284 4867 m.
1302 4812 1335 4864 et
1350 4801 1435 4864 valet
1452 4811 1515 4865 etc.
1533 4801 1606 4865 lna.

340 4951 498 5015 Ricardns
525 4953 701 5037 Bitturley‚
732 4956 883 5039 armiger,
914 4959 1003 5018 tenet
1033 4953 1250 5016 hamelettnm
1280 4955 1320 5016 de
1348 4953 1544 5020 Warauoaa
1574 4952 1615 5015 de
1645 4952 1792 5037 predicto

294 5039 434 5104 Ricardo
450 5037 651 5124 Cornevvayle
666 5062 722 5124 per
737 5045 906 5105 servicium
922 5061 1007 5103 none
1023 5041 1125 5123 partis
1139 5040 1163 5127 j.
1180 5041 1203 5105 i.
1219 5061 1265 5106 m.
1282 5047 1316 5103 et
1331 5041 1416 5104 valet
1431 5046 1494 5104 etc.
1510 5060 1581 5105 xxx.
1591 5062 1617 5105 u.

341 5195 535 5271 Willelmus,
549 5196 636 5259 filius
661 5205 695 5260 et
722 5197 812 5259 heres
837 5196 960 5260 Thome
987 5199 1112 5280 Lygon,
1129 5203 1221 5258 tenet
1247 5203 1336 5258 certa
1361 5202 1465 5257 terras
1489 5200 1524 5257 et
1550 5199 1737 5257 tenementa
1757 5195 1790 5256 in

296 5284 458 5351 Mnemon
485 5284 525 5346 de
549 5283 698 5366 predicto
724 5283 861 5346 Ricardo
886 5282 1089 5364 Cornevayle
1115 5303 1171 5363 per
1194 5283 1367 5344 servicium
1395 5283 1583 5344 medietatis
1603 5281 1630 5364 j.
1648 5281 1670 5345 f.
1687 5302 1732 5347 m.
1760 5288 1796 5344 et

297 5370 408 5434 valent
424 5377 486 5436 etc.
504 5369 557 5434 hs.
573 5391 635 5454 que
650 5371 782 5455 quidem
807 5375 891 5434 terre
914 5377 948 5435 et
965 5377 1154 5433 tenementa
1170 5377 1245 5430 sunt
1272 5369 1306 5430 in
1330 5368 1476 5430 custndia
1500 5367 1638 5450 predicti
1664 5367 1795 5431 Ricardi

296 5458 423 5519 racione
439 5457 574 5520 minoris
589 5461 688 5521 etatis
702 5457 842 5541 predicti
858 5457 1025 5522 Willelmi.
1595 5481 1598 5487 ’
