4117 6209
910 645 994 710 Ab.
1022 648 1118 712 1428.
1694 641 1758 704 203

261 924 389 989 Mathei
408 975 1041 1006 .............
1058 929 1236 1007 Malcokes,
1247 929 1406 993 Willelmi
1421 930 1616 1012 Lymenour‚
1627 924 1758 990 Ricardi

263 1012 493 1096 Uphosdester‚
508 1015 669 1079 Johauuis
685 1017 714 1079 le
733 1060 1757 1097 ....................

260 1099 383 1164 Thome
426 1101 589 1186 Pyppard‚
634 1104 794 1167 Willelmi
839 1103 999 1189 Skynnm,
1046 1104 1205 1167 Willelmi
1249 1105 1382 1187 JavynS‚
1423 1105 1580 1186 Stephani
1626 1104 1757 1178 Suttou,

264 1237 819 1256 ...........
869 1238 901 1268 .,
948 1191 1040 1254 Petri
1085 1192 1291 1273 Goldsmytb,
1326 1191 1499 1274 proborum
1536 1194 1570 1254 et
1602 1187 1757 1275 legalium

262 1273 429 1423 honpiinum
446 1275 539 1360 burgi
558 1284 592 1340 et
607 1277 856 1365 su[burbiorum
880 1277 1036 1364 Oronie],
1063 1281 1120 1364 qui
1143 1281 1258 1342 dicunt
1283 1299 1377 1361 super
1403 1282 1638 1341 sacramentum
1663 1295 1756 1339 suum

263 1382 324 1445 quo
358 1388 412 1428 :-

305 1549 448 1614 Ecclesia
466 1553 583 1618 Susum
600 1555 703 1618 Pnanr
719 1575 754 1619 ru
771 1554 921 1620 Oaraurn
937 1556 972 1617 in
988 1554 1090 1637 burgo
1104 1553 1226 1617 ibidem
1242 1574 1316 1617 cum
1331 1554 1455 1636 capella
1473 1554 1514 1618 de
1528 1555 1756 1621 Woavaacors

260 1641 295 1785 etl
320 1638 509 1704 Hsnrwana
535 1661 608 1702 cum
634 1642 752 1704 vicaria
778 1641 888 1705 valent
914 1662 971 1724 per
998 1662 1119 1705 annum
1145 1642 1181 1704 in
1197 1641 1348 1705 omnibus
1363 1641 1504 1704 exitibus
1519 1640 1627 1706 aluit.
1643 1646 1677 1702 et
1693 1661 1758 1703 non

263 1744 283 1806 p
299 1744 346 1789 us.

287 1863 451 2014 ΝΕιὶοῖοΙεεὶἰα
479 1864 605 2014 Sauprn
630 1865 743 1931 Msrua
760 1867 916 1933 Vraouus
942 1868 977 1929 in
993 1866 1097 1952 burgo
1112 1867 1236 1930 ibidem
1251 1867 1341 1930 valet
1355 1886 1413 1952 per
1427 1885 1551 1930 annum
1566 1886 1617 1931 xv.
1626 1868 1660 1931 li.
1680 1866 1758 1949 vj.s.

265 1969 408 2034 rupae
440 1971 505 2014 non
521 1973 543 2035 p
557 1973 605 2018 us.

307 2085 452 2150 Ecclesia
469 2087 598 2152 SANt'ra
613 2090 728 2151 lllsrun
743 2089 957 2152 llrcnanmr
971 2092 1005 2152 in
1023 2091 1185 2154 suburbiis
1200 2091 1345 2174 ejusdem
1357 2092 1454 2176 burgi
1464 2091 1552 2155 valet
1566 2112 1624 2175 per
1638 2112 1758 2155 annum

262 2173 297 2235 in
309 2174 461 2238 omnibus
476 2177 618 2239 exitibus
632 2177 676 2241 ix.
694 2197 814 2240 marcas
829 2189 863 2241 et
877 2198 940 2241 non
957 2179 1040 2261 plus.

308 2311 454 2376 Ecclesia
486 2312 605 2380 Sauum
630 2315 748 2380 Ecrnrr
779 2315 813 2376 iu
845 2315 1009 2379 suburbiis
1039 2317 1162 2379 ibidem
1191 2316 1277 2381 valet
1307 2338 1364 2400 per
1394 2336 1516 2379 aunum
1545 2317 1580 2378 in
1610 2317 1761 2380 omnibus

264 2398 404 2462 exitibus
420 2421 450 2464 x.
468 2420 589 2464 marcas
605 2408 638 2464 et
655 2422 716 2464 non
735 2402 818 2484 plus.

309 2536 451 2600 Ecclesia
468 2538 589 2601 Sasc'rr
605 2539 729 2602 Taoua
744 2561 819 2602 cum
836 2539 1022 2603 arorwsu,
1037 2543 1071 2605 in
1088 2540 1250 2606 suburbiis
1265 2541 1387 2605 ibidem
1402 2563 1476 2606 cum
1503 2564 1554 2608 xx.
1570 2542 1653 2605 acris
1679 2548 1762 2604 terre

266 2625 372 2688 eidem
388 2627 521 2689 annexis
538 2626 625 2689 valet
641 2647 836 2710 perannum
852 2629 887 2691 in
904 2629 1055 2691 omnibus
1069 2629 1212 2692 exitibus
1227 2630 1307 2698 xla.
1324 2636 1358 2693 et
1372 2650 1437 2693 non
1452 2629 1536 2713 plus.

310 2761 454 2826 Ecclesia
481 2763 604 2827 Senem
628 2765 818 2828 Mronaams
841 2782 883 2827 sn
908 2781 1040 2828 rossan
1059 2766 1240 2830 Bouasuau
1264 2769 1299 2831 in
1325 2768 1429 2851 burgo
1454 2767 1577 2830 ibidem
1595 2766 1681 2830 valet
1708 2785 1765 2849 per

266 2869 389 2913 annum
404 2851 440 2914 in
455 2851 604 2915 omnibus
618 2852 762 2916 exitibus
777 2854 820 2917 ix.
837 2874 960 2916 marcas
977 2860 1012 2917 et
1027 2874 1093 2917 non
1108 2854 1191 2937 plus.

285 2987 455 3137 tEccleslia
471 2989 591 3055 Ssuorr
607 2989 755 3054 lissum
771 2988 857 3052 infra
872 2989 1012 3074 burgum
1035 2990 1158 3053 ibidem
1175 2990 1262 3054 valet
1288 3009 1491 3074 perannum
1538 3041 1544 3054 .
1592 3040 1598 3054 .
1643 3008 1765 3052 marcas

266 3095 284 3137 e
315 3094 381 3138 non
396 3095 417 3158 p
431 3096 481 3141 us.

312 3213 458 3276 Ecclesia
482 3213 606 3276 SANOTI
632 3216 759 3277 Arium
786 3215 870 3277 infra
893 3215 1031 3297 burgum
1057 3214 1182 3277 ibidem
1206 3214 1294 3277 valet
1319 3234 1523 3298 perannum
1554 3216 1587 3276 in
1617 3214 1768 3277 omnibus

267 3300 407 3364 exitibus
422 3323 452 3366 x.
470 3321 592 3365 marcas
608 3309 641 3364 et
658 3323 722 3365 nou
738 3300 820 3385 plus.

210 3517 215 3524 ι
313 3439 458 3502 Ecclesia
475 3440 594 3507 arsen
610 3441 800 3506 lhossaurs
817 3461 851 3506 ru
867 3440 1000 3505 Ausnao
1014 3437 1101 3502 infra
1115 3439 1256 3523 burgum
1272 3438 1395 3502 ibidem
1413 3439 1498 3502 valet
1524 3457 1718 3522 perannum
1733 3439 1768 3500 in

269 3528 418 3590 omnibus
432 3529 573 3591 exitibus
588 3549 640 3593 xx.
657 3548 780 3591 marcas
795 3534 829 3591 et
844 3547 907 3588 non
924 3526 1007 3609 plus.

315 3665 459 3728 Ecclesia
490 3665 617 3732 Sericus
647 3665 743 3730 Euan
774 3664 861 3726 infra
891 3664 1031 3747 burgum
1061 3662 1182 3726 ibidem
1213 3661 1300 3725 valet
1327 3683 1384 3745 per
1411 3681 1533 3724 annum
1560 3663 1593 3725 in
1621 3663 1771 3726 omnibus

271 3751 412 3816 exitibus
427 3774 489 3817 es.
506 3759 540 3815 et
555 3772 617 3815 nou
633 3751 717 3835 plus.

316 3888 461 3952 Ecclesia
478 3889 597 3956 Sescrr
621 3889 726 3954 Parar
749 3889 948 3953 1nBsau1ro
974 3885 1061 3951 infra
1087 3887 1227 3972 burgum
1253 3885 1376 3950 ibidem
1392 3885 1483 3950 valet
1509 3907 1568 3970 per
1592 3907 1712 3950 anuum
1736 3887 1770 3949 in

272 3976 422 4040 omuibus
438 3976 581 4040 exitibus
596 3997 626 4041 x.
644 3995 767 4038 marcas
783 3981 817 4040 et
833 3995 896 4039 non
914 3976 995 4058 plus.

317 4113 462 4177 Ecclesia
478 4114 618 4180 Ouuruu
637 4115 834 4180 Seueroauu
850 4113 936 4176 infra
950 4113 1091 4198 burgum
1107 4113 1229 4175 ibidem
1246 4113 1333 4174 valet
1355 4132 1414 4195 per
1435 4132 1557 4175 annum
1573 4111 1607 4174 in
1623 4113 1775 4175 omnibus

273 4200 415 4264 exitibus
429 4221 479 4266 rx.
495 4221 620 4265 marcas
636 4205 668 4264 et
684 4221 748 4264 non
765 4201 849 4284 plus.

319 4337 448 4420 (lapella
463 4339 503 4400 de
519 4339 675 4404 Bruasar
690 4338 723 4400 in
741 4337 904 4401 suburbiis
920 4336 1043 4400 ibidem
1059 4335 1147 4399 valet
1162 4355 1221 4419 per
1247 4355 1368 4399 annum
1396 4336 1431 4398 in
1458 4337 1609 4400 omnibus
1634 4337 1776 4400 exitibus

275 4444 305 4490 v.
323 4444 447 4487 marcas
461 4429 494 4488 et
510 4444 575 4487 nou
591 4425 674 4507 plus.

319 4561 442 4624 Dicunt
467 4561 570 4623 eciam
597 4561 684 4647 quod
710 4563 744 4623 in
773 4561 920 4645 qualibet
947 4560 1101 4642 parochia
1131 4559 1343 4622 ecclesiarum
1373 4561 1671 4642 prenominatarum
1702 4567 1779 4622 sunt
1863 4636 1865 4639 Ι

277 4649 391 4712 decem
407 4646 630 4712 inhabitantes
645 4649 811 4712 domicilia
826 4653 987 4726 tenentes,
999 4655 1033 4710 et
1044 4648 1128 4730 quod
1142 4668 1205 4709 uon
1218 4652 1292 4709 sunt
1308 4647 1416 4728 plures
1431 4647 1566 4711 ecclesie
1581 4647 1778 4730 parochiales

274 4742 382 4820 preter
396 4735 469 4799 illas
485 4736 688 4818 supradictas
703 4736 789 4798 inira
804 4735 944 4818 burgum
960 4742 994 4797 et
1019 4734 1173 4797 suburbia
1199 4735 1363 4816 predicta3
1389 4734 1526 4796 ulterius
1552 4735 1666 4798 dieunt
1692 4733 1778 4817 quod

276 4843 342 4886 non
358 4829 435 4886 suut
449 4822 560 4907 aliqua
574 4821 669 4886 ieoda
683 4823 830 4886 militum
846 4842 907 4884 nee
921 4821 1030 4904 aliqua
1046 4842 1119 4905 pars
1134 4821 1223 4884 leodi
1238 4821 1358 4883 militis
1383 4821 1422 4882 de
1447 4821 1610 4904 aliquibus
1633 4823 1780 4904 personis

277 4910 343 4972 sive
369 4910 410 4973 de
436 4910 545 4994 aliqua
572 4930 707 4992 persona
732 4915 827 4973 teuta
855 4909 941 4972 infra
968 4908 1108 4992 burgum
1134 4912 1171 4971 et
1194 4907 1348 4970 suburbia
1374 4907 1519 4989 predicta
1543 4917 1639 4992 prout
1662 4909 1711 4971 eis
1736 4909 1778 4970 ad

276 5016 407 5079 presens
430 5003 576 5060 constare
601 4997 733 5081 poterit.
779 4998 818 5059 ln
842 4995 935 5076 cujus
960 4997 1008 5058 rei
1024 4995 1251 5058 testimonium
1268 4995 1376 5079 sigilla
1398 4991 1615 5082 [juratorum]
1637 5014 1778 5058 unacum

280 5083 398 5164 sigillis
413 5084 546 5169 majoris
568 5091 603 5147 et
627 5084 820 5149 ballivorum
847 5081 941 5165 burgi
963 5079 1135 5170 [predicti]
1156 5088 1234 5145 sunt
1259 5101 1412 5166 appensa.
1458 5081 1543 5144 Data
1565 5082 1630 5162 die,
1646 5081 1727 5160 loco,
1744 5087 1778 5144 et

276 5189 360 5233 anno
376 5171 583 5254 supradictis.

792 5383 904 5392 ...a—...-
913 5381 1270 5392 ---——.—-——-—-—--
