4117 6209
311 641 374 706 184
968 636 1156 707 OXFOBD.

355 928 459 990 Adam
474 928 515 990 de
531 925 718 991 Scharahull
736 935 826 992 tenet
850 930 1063 992 medietatem
1088 929 1129 991 de
1153 923 1327 1014 [Laronia]
1349 945 1406 1008 pro
1432 932 1548 1008 quarta
1573 927 1665 1006 parte
1686 920 1714 1004 j.
1731 921 1755 985 f.
1771 920 1812 983 de

313 1016 434 1078 comite
448 1014 628 1091 Lincolnie‚
644 1035 742 1098 quam
757 1015 924 1079 Johannes
939 1015 1060 1079 Fieneo
1074 1014 1236 1098 quondam
1252 1014 1370 1078 tenuit.

364 1131 561 1222 [iohannes]
595 1135 625 1198 le
651 1135 760 1216 Mirie,
784 1137 948 1201 Henricus
976 1138 1017 1200 de
1048 1137 1198 1215 Linham,
1228 1143 1261 1199 et
1286 1131 1475 1198 Elizabetha
1504 1131 1603 1213 Peroy
1623 1129 1661 1208 0)
1693 1133 1810 1192 tenent

312 1222 521 1286 medietatem
547 1225 680 1286 manerii
706 1222 747 1287 de
771 1224 908 1290 Lmrrarr
932 1245 989 1308 pro
1013 1232 1130 1308 quarta
1156 1229 1245 1308 parte
1272 1223 1299 1307 j.
1327 1224 1351 1288 f.
1377 1221 1418 1284 de
1442 1221 1531 1282 dicto
1555 1218 1686 1293 comite,
1710 1231 1807 1298 quam

310 1306 474 1373 Johanneo
496 1306 559 1395 [le]
575 1309 673 1372 Mirie
687 1312 851 1392 quondam
866 1314 985 1377 tenuit.

355 1445 493 1510 Brianua
506 1446 548 1509 de
563 1444 747 1532 Comwayle
762 1457 796 1512 et
811 1448 968 1513 Robertus
983 1449 1024 1513 de
1040 1449 1141 1513 Harle
1156 1453 1274 1512 tenent
1289 1447 1438 1513 Ioraortr
1453 1464 1527 1508 cum
1542 1441 1709 1517 membris,
1723 1437 1812 1522 quod

311 1532 449 1685 513?ss
458 1532 699 1684 fflrumpton
716 1536 880 1619 quondam
895 1538 1016 1616 tenuit,
1033 1556 1090 1620 pro
1105 1536 1129 1622 j.
1146 1536 1168 1601 1.
1184 1542 1218 1600 et
1232 1535 1277 1599 di.
1294 1536 1332 1598 de
1364 1575 1809 1598 .........

355 1739 514 1802 Ricardus
527 1739 568 1804 de
584 1739 736 1805 Nouwere
750 1748 843 1806 tenet
858 1743 1031 1810 Caroeam
1049 1746 1112 1822 (ic.
1130 1744 1352 1819 Ceutronum),
1367 1741 1452 1826 quod
1477 1743 1570 1822 peter
1598 1755 1673 1800 suus
1687 1735 1809 1812 tenuit,

311 1847 368 1910 pro
382 1825 407 1913 j.
424 1827 447 1893 f.
462 1827 503 1890 de
518 1829 641 1892 comite
656 1829 696 1892 de
710 1827 822 1894 Ferrea
841 1833 923 1910 (ric),
938 1840 973 1893 et
987 1830 1096 1894 dictus
1112 1851 1220 1894 comeo
1235 1831 1375 1914 detege.

355 1963 460 2028 Abbaa
474 1962 515 2027 de
533 1963 808 2030 Wincheooumbe
823 1973 915 2032 tenet
929 1970 1113 2032 manerium
1129 1969 1168 2032 de
1184 1969 1341 2034 Euesrorr
1356 1987 1393 2029 eo
1408 1937 1518 2027 dmnia
1532 1962 1597 2025 alia
1611 1960 1812 2045 pertinencia

312 2051 352 2114 ad
368 2051 513 2118 Mrem
532 2055 624 2131 (aic)⁰
637 2073 695 2136 pro
709 2053 746 2139 ij.
762 2053 784 2116 f.
801 2055 841 2118 de
853 2054 985 2119 domino
999 2077 1076 2141 rege
1091 2056 1143 2120 i.c.

356 2189 523 2254 Gilbertua
537 2189 730 2274 Chaateleyn
745 2197 838 2256 tenet
851 2194 1066 2258 medietatem
1080 2194 1121 2256 de
1137 2193 1302 2259 Karoura
1318 2211 1376 2274 pro
1390 2194 1506 2273 quarta
1530 2193 1621 2271 parte
1645 2187 1670 2273 j.
1688 2183 1712 2250 f.
1725 2184 1812 2269 quod

312 2275 504 2361 Radulphue
519 2275 712 2361 Ohmteleyn
729 2280 890 2363 quondam
905 2282 1016 2344 tenuit
1031 2280 1070 2344 de
1091 2276 1242 2366 [comite]
1265 2277 1463 2342 Hereiordie.

357 2413 512 2477 Ricardua
526 2414 567 2478 de
583 2414 740 2480 Bedeford
756 2424 846 2480 tenet
872 2417 972 2481 aliam
997 2417 1211 2482 medietatem
1226 2417 1302 2480 ville
1329 2415 1475 2498 predicte
1500 2432 1558 2495 pro
1580 2415 1696 2494 quarta
1720 2415 1812 2493 parte

313 2502 337 2568 f.
354 2522 399 2568 m.
415 2502 500 2586 quod
515 2501 683 2565 Johanneo
700 2503 872 2566 Flambard
887 2505 1048 2589 quondam
1065 2506 1174 2569 tenuit
1189 2506 1230 2568 de
1246 2505 1334 2568 dicto
1349 2502 1478 2566 comite.

358 2635 535 2700 Nicholaua
551 2634 723 2724 B[urnell]
742 2643 836 2702 tenet
851 2641 1089 2707 Roeeamzr
1105 2641 1275 2707 Mauortem
1296 2658 1354 2721 pro
1368 2636 1413 2700 di.
1429 2635 1451 2700 f.
1467 2635 1507 2698 de
1521 2635 1654 2698 domino
1669 2655 1744 2719 rege
1759 2635 1811 2700 i.c.

314 2726 356 2788 de
371 2723 489 2788 herede
504 2722 651 2808 Philippi
666 2723 812 2790 Bumell.

358 2841 548 2926 Radulphue
577 2843 619 2907 de
650 2843 793 2908 Stafford
822 2851 913 2910 tenet
942 2851 978 2910 in
1008 2849 1122 2911 eadem
1149 2848 1227 2911 villa
1255 2847 1300 2911 di.
1331 2844 1354 2910 1.
1385 2845 1425 2908 de
1454 2843 1586 2907 domino
1615 2861 1698 2926 rege,
1726 2839 1809 2924 quod

323 2926 502 3017 [Rogerua]
525 2929 684 2994 Brabaeon
700 2932 863 3016 quondam
878 2938 997 3000 tenuit.
1707 2969 1708 2975 ¹

355 3047 522 3114 Johannea
545 3049 721 3114 Fibernard
744 3057 836 3117 tenet
862 3054 1049 3122 Coeum,
1073 3076 1132 3140 pro
1158 3055 1202 3120 di.
1227 3055 1250 3119 f.
1278 3053 1319 3116 de
1349 3051 1470 3114 comite
1496 3045 1698 3121 Albemarlie‚
1723 3041 1807 3126 quod

314 3136 452 3200 Thomas
467 3135 585 3201 Blaket
598 3139 762 3222 quondam
778 3143 896 3206 tenuit.

359 3262 462 3329 Heres
477 3265 609 3340 Elinore
623 3267 665 3331 dc
681 3267 816 3335 Bercole
831 3277 921 3335 tenet
933 3271 1122 3340 Wearrrrm
1138 3278 1173 3335 et
1187 3273 1397 3352 Fomraaox,
1407 3271 1492 3356 quod
1506 3269 1607 3334 Moris
1621 3268 1662 3330 de
1677 3263 1811 3329 Berkole

314 3353 478 3524 3222?
493 3355 614 3433 tenuit,
629 3375 687 3436 pro
697 3355 725 3440 j.
742 3357 765 3419 f.
780 3361 815 3421 et
828 3365 945 3441 quarta
959 3367 1054 3442 parte
1075 3359 1099 3445 j
1116 3359 1139 3424 f.
1155 3360 1196 3423 de
1211 3363 1330 3425 comite
1346 3360 1519 3435 Cornubie,
1533 3362 1567 3421 et
1582 3355 1693 3420 dictus
1707 3369 1812 3416 comeo

356 3565 522 3633 Johannes
537 3568 670 3634 Golaire
687 3579 782 3636 tenet
796 3574 1009 3655 carcerare,
1025 3577 1111 3659 quod
1128 3575 1269 3640 Thomas
1286 3576 1419 3642 Goiaira
1434 3575 1599 3659 quondam
1615 3572 1736 3650 tenuit,
1758 3563 1814 3654 pro

313 3655 338 3740 j.
355 3653 379 3720 1.
396 3654 437 3720 de
451 3656 571 3720 comite
587 3657 792 3726 Albemarlie.

360 3773 523 3838 Waltenrs
538 3776 661 3861 Mauny
675 3785 764 3844 tenet
781 3781 1000 3862 Ponmmrm
1016 3783 1100 3868 quod
1118 3783 1272 3848 Ricardua
1298 3784 1408 3848 Perere
1432 3783 1595 3868 quondam
1623 3781 1743 3858 tenuit,
1760 3796 1817 3862 pro

310 3866 338 3951 j.
355 3861 379 3930 f.
395 3861 436 3924 de
450 3864 569 3928 comite
584 3866 790 3945 Albemarlie‚
805 3875 840 3932 et
855 3871 962 3934 dictus
977 3893 1082 3934 comes
1098 3871 1137 3933 de
1153 3892 1229 3956 rege
1245 3873 1295 3934 ic.

359 3979 524 4047 iohannes
553 3984 595 4047 de
631 3985 843 4074 Drill[ouwe]
878 3995 971 4054 tenet
1010 3990 1213 4069 (traicerer,
1243 3990 1348 4072 quod·
1369 3987 1529 4050 Robertus
1565 3985 1605 4046 de
1642 3984 1816 4046 Drillouwe

314 4068 478 4151 quondam
495 4073 617 4149 tenuit,
632 4093 690 4157 pro
705 4076 751 4140 di.
767 4076 791 4138 f.
807 4075 849 4138 de
865 4076 1006 4159 Hugone
1021 4077 1131 4158 Pleoy,
1146 4085 1181 4139 et
1195 4081 1304 4140 dictus
1319 4075 1419 4160 Hugo
1434 4075 1474 4136 de
1488 4091 1574 4152 rege.
1697 4118 1700 4122 -

358 4201 544 4269 Willelmue
559 4207 598 4270 da
613 4206 772 4272 Frethorn
788 4215 880 4273 tenet
895 4213 930 4273 in
946 4211 1024 4275 villa
1039 4211 1184 4294 predicta
1200 4233 1230 4277 x.
1252 4205 1410 4297 [partem]
1431 4208 1456 4292 j.
1470 4207 1492 4271 f.
1504 4206 1544 4268 de
1558 4205 1647 4266 dioto
1663 4199 1814 4286 Hugone.

359 4340 496 4404 Iaabolla
510 4343 609 4407 Lovcl
624 4345 664 4408 de
679 4345 803 4430 Magna
817 4346 959 4410 Minatre
974 4353 1068 4412 tenet
1083 4346 1204 4409 ibidem
1225 4350 1286 4425 (te.
1303 4348 1336 4408 in
1353 4345 1475 4411 Mrem
1490 4341 1657 4417 Mmsrae)
1675 4338 1720 4403 di.
1738 4339 1760 4402 1.
1776 4338 1816 4402 de

318 4428 443 4530 3089ξο
468 4429 646 4514 Quinteym
668 4435 756 4514 quod
781 4432 948 4497 Johannea
975 4434 1077 4498 Iovel
1101 4434 1262 4517 quondam
1287 4435 1407 4511 tenuit,
1424 4439 1458 4494 et
1482 4431 1589 4494 dictur
1615 4427 1761 4512 Rogema
1777 4428 1816 4490 de

315 4535 394 4600 rege
408 4536 461 4582 ac.

357 4640 522 4706 Johannea
552 4644 708 4708 Liandela
738 4653 832 4709 tenet
862 4647 1027 4714 Muraena
1058 4648 1204 4727 Prnvam,
1236 4648 1322 4732 quod
1353 4646 1536 4711 tt'illelmus
1566 4643 1606 4707 de
1637 4640 1818 4724 Cantelupo

315 4730 437 4806 tenuit,
451 4750 509 4813 pro
523 4729 569 4793 di.
585 4729 608 4795 f.
626 4731 667 4795 de
683 4731 825 4816 Hugone
839 4734 880 4796 de
896 4733 1005 4818 Plecy.

357 4847 519 4910 Robertuo
542 4849 690 4912 Hildeele
715 4857 806 4914 tenet
829 4853 1044 4919 (inmemor
1071 4855 1232 4933 innonr,
1248 4856 1334 4940 quod
1361 4854 1512 4930 isabella,
1528 4853 1643 4915 relicta
1658 4845 1818 4913 Johannie

314 4933 375 4995 filii
390 4932 523 5016 Nigelli,
538 4937 648 4999 tenuit
664 4957 722 5020 pro
735 4937 759 5020 j.
775 4940 797 5002 f.
813 4940 854 5001 de
870 4942 988 5002 comite
1002 4941 1208 5005 Albemarlie.

357 5050 521 5114 Jobanneo
536 5053 657 5118 Trilloe
673 5061 765 5119 tenet
783 5058 952 5124 Smerden
967 5079 1025 5142 pro
1040 5058 1093 5146 iij·
1115 5069 1206 5142 parte
1216 5061 1244 5144 j.
1261 5060 1283 5126 f.
1363 5135 1367 5142 Ι

356 5181 514 5245 Ricardus
538 5185 580 5247 de
605 5185 859 5254 Williameocote
882 5199 917 5253 et
939 5191 1104 5256 Johannea
1120 5193 1229 5257 Broun
1243 5200 1354 5258 tenent
1373 5196 1545 5262 Surroao
1560 5211 1618 5276 pro
1629 5190 1674 5254 di.
1691 5187 1715 5252 f.
1732 5184 1818 5267 quod

313 5267 507 5350 Radulphuo
522 5269 632 5334 Broun
649 5275 813 5359 quondam
828 5280 946 5343 tenuit.

1316 5394 1480 5403 ,-,.--.-....
1489 5397 1495 5402 .
1509 5386 1816 5402 -..ὸ-.-μ

975 5395 1063 5489 ‘Scep
1091 5431 1147 5480 160.
1177 5395 1181 5398 -
1198 5396 1251 5402 Μ
