4117 6209
287 651 352 715 314
920 650 1170 719 SOMERSET.

334 937 437 1001 Heres
453 936 613 1002 Johannia
627 940 668 1001 de
685 938 808 1023 Pavely
824 944 913 1004 tenet
930 941 1112 1007 manerium
1128 940 1169 1004 de
1185 940 1417 1008 Bmanuma
1433 939 1551 1023 prodi.
1567 938 1590 1001 f.

333 1076 495 1139 Tenentea
510 1076 544 1137 in
561 1077 673 1140 eodem
689 1076 858 1142 hundredo
875 1099 930 1161 per
945 1080 1095 1141 medium
1107 1105 1161 1144 :—

331 1211 469 1276 Thomas
496 1213 583 1277 filius
609 1214 733 1277 Thome
749 1214 789 1277 de
806 1215 918 1279 Monte
941 1215 1056 1279 Sorelli
1073 1221 1166 1280 tenet
1183 1216 1365 1278 manerium
1380 1215 1420 1277 de
1435 1214 1543 1281 Wmn
1560 1212 1797 1277 ammonae

289 1298 428 1363 Roberto
445 1300 501 1362 Fiz
518 1301 609 1383 Payn
629 1324 683 1385 pro
700 1303 745 1364 di.
762 1302 785 1366 f.

331 1437 489 1501 Robertus
504 1438 543 1500 de
557 1438 589 1501 la
607 1438 717 1501 Fenne
734 1446 823 1501 benet
849 1439 1053 1501 hameletum
1079 1440 1119 1502 de
1149 1440 1368 1506 Saofflmcn
1394 1439 1435 1501 de
1462 1436 1610 1501 Johanno
1636 1437 1677 1499 de
1702 1436 1796 1499 Bello

289 1525 409 1607 Campo
428 1547 486 1609 pro
500 1531 616 1609 quarta
629 1532 721 1608 parte
739 1547 794 1590 un.
812 1526 835 1591 f.

287 1751 319 1812 d·
331 1662 471 1812 Jambus
485 1663 526 1725 de
542 1663 707 1726 Moletone
722 1669 816 1727 tenet
832 1665 1013 1725 manerium
1029 1664 1069 1727 de
1084 1664 1244 1729 Asanam
1270 1664 1311 1726 de
1336 1662 1477 1747 Hugone
1499 1664 1541 1725 de
1563 1661 1722 1744 Cortenay
1739 1680 1796 1743 pro

310 1770 332 1813 1·
364 1800 371 1814 ¹
1792 1775 1797 1782 .

331 1887 514 1951 Willelmua
530 1888 671 1951 Malerba
686 1894 778 1952 tenet
793 1889 975 1951 manerium
990 1889 1031 1951 de
1048 1889 1143 1953 Baaa
1159 1888 1200 1951 de
1218 1888 1359 1951 Henrico
1374 1888 1414 1950 de
1429 1887 1563 1950 Urtiaao
1579 1908 1636 1971 pro
1648 1888 1695 1951 di.
1711 1886 1735 1951 f.

327 2022 492 2088 Johannes
518 2026 556 2089 de
583 2026 725 2090 Bradene
750 2032 842 2090 tenet
868 2027 908 2089 de
934 2026 1029 2090 feodo
1054 2024 1206 2109 Symonia
1231 2025 1271 2089 de
1297 2025 1411 2089 Monte
1436 2027 1542 2089 Acuta
1567 2026 1604 2087 in
1631 2025 1792 2091 Baaaaua

287 2118 438 2195 quartam
453 2120 579 2197 partem
595 2134 650 2175 un.
669 2115 690 2177 f.

332 2250 514 2313 Willelmus
529 2251 569 2314 de
586 2253 705 2314 Astone
720 2256 811 2314 tenet
830 2251 863 2312 in
881 2250 1071 2317 Cambonum
1086 2256 1235 2315 octavam
1251 2257 1378 2334 partem
1394 2272 1450 2317 un.
1467 2250 1490 2316 t.

328 2386 349 2449 J
351 2386 477 2450 ohanna
487 2388 554 2449 tilia
565 2386 586 2449 J
588 2386 723 2450 ohannis
733 2389 771 2451 de
782 2386 921 2449 Stafford
936 2392 1026 2449 tenet
1036 2388 1071 2448 in
1082 2387 1221 2452 Mmmm
1231 2388 1417 2453 Hammona
1426 2394 1459 2450 et
1469 2389 1793 2454 Boaawmasaaaafl

287 2474 327 2536 de
343 2474 436 2536 feodo
451 2475 579 2538 abbatia
595 2476 635 2537 de
651 2474 843 2558 Mochelnye
859 2482 1007 2537 octavam
1023 2478 1151 2557 partem
1168 2496 1223 2539 un.
1241 2475 1263 2539 t.
1282 2497 1328 2540 m.

329 2610 501 2694 Philippus
516 2612 556 2675 de
571 2576 742 2695 cardum,
764 2612 916 2675 Ricardus
933 2612 974 2675 de
992 2612 1134 2694 Loveny,
1152 2612 1348 2674 Laureneiua
1362 2612 1403 2675 de
1418 2612 1618 2695 Dylyngton,
1632 2611 1794 2679 Walterus

286 2697 369 2773 Bria,
387 2699 530 2782 Rogatus
546 2702 586 2763 de
603 2700 739 2783 Illeghe‚
756 2702 865 2785 Agnes
881 2700 911 2763 le
930 2700 1009 2779 Ima,
1024 2708 1059 2762 et
1074 2698 1251 2762 Nioholaus
1274 2700 1315 2762 de
1339 2700 1489 2783 Engleby
1504 2706 1618 2762 tenent
1641 2706 1792 2761 octavam

286 2792 412 2868 partam
428 2807 482 2850 un.
500 2788 523 2855 f.
538 2788 579 2850 de
596 2789 740 2870 predicto
756 2788 871 2850 abbate
887 2789 922 2850 in
938 2788 985 2849 La
1003 2786 1069 2849 San
1083 2795 1117 2850 et
1133 2786 1228 2849 SUTH
1245 2787 1385 2850 Imma.

330 2920 470 2986 Thomas
496 2924 537 2986 de
564 2924 652 2987 Mera
676 2929 711 2989 et
738 2925 934 2987 Laureneiua
960 2925 1001 2987 da
1026 2923 1216 3009 Dylyngton
1240 2930 1354 2988 tenant
1379 2926 1414 2986 in
1438 2924 1578 2988 Hoaaon
1603 2920 1642 2984 de
1672 2920 1786 2983 eodem

287 3011 404 3074 abbate
419 3016 564 3074 octavam
582 3018 706 3094 partem
723 3033 777 3077 un.
795 3012 816 3077 f.

288 3236 320 3298 d·
331 3147 500 3303 (aalfziguts
514 3150 553 3212 de
568 3150 782 3216 Waterleston
798 3152 890 3212 tanet
905 3147 940 3211 in
964 3148 1078 3216 Ovaaa
1099 3148 1283 3213 Hamacoam
1309 3151 1457 3209 octavam
1481 3148 1610 3229 partem
1636 3163 1691 3208 un.
1710 3142 1731 3208 f.
1748 3142 1790 3205 de

311 3255 340 3298 m
392 3261 411 3303 a
457 3256 522 3301 ae.

745 3525 982 3615 [Hmamaanum
1006 3525 1065 3614 aa]
1094 3526 1342 3595 BOLESTON.

680 3685 836 3748 Ricardus
852 3686 892 3749 de
909 3686 1039 3769 Loveny

680 3773 881 3857 Reginaldus
896 3775 936 3837 de
953 3772 1104 3858 Wythele
1159 3724 1371 3815 [jurum]

330 3910 494 3974 Tenentes
509 3911 549 3973 de
565 3911 698 3973 domino
713 3932 789 3995 rege
806 3914 859 3976 i.c.
869 3934 921 3976 :—

331 4047 491 4198 Hgnrficus'
517 4049 556 4112 de
583 4049 715 4111 Urtiaco
738 4054 830 4111 tenet
857 4048 1001 4111 maneria
1027 4048 1067 4110 de
1094 4045 1177 4114 Com
1203 4046 1321 4123 Ram,
1338 4043 1517 4110 ammom
1530 4046 1565 4106 et
1581 4042 1791 4106 Baanawm

287 4156 344 4219 pro
360 4156 397 4221 11·
432 4186 439 4200 .

330 4268 429 4354 Hugo
445 4269 573 4334 Derival
588 4273 679 4333 tenet
695 4269 879 4331 manerium
895 4268 935 4331 de
950 4268 1173 4334 Iaaaauwaaa
1189 4286 1247 4349 pro
1262 4264 1309 4329 di.
1327 4260 1349 4327 f.

330 4406 489 4471 Tenentes
502 4427 560 4489 per
575 4405 722 4470 medium
738 4406 772 4466 in
789 4404 878 4468 dioto
893 4403 1063 4469 hundredo
1077 4428 1130 4469 z—

330 4539 498 4690 Gglbesrtus
520 4541 560 4603 de
585 4538 717 4605 Onovile
745 4547 838 4604 tenet
864 4542 1048 4604 manerium
1070 4540 1112 4603 de
1136 4540 1336 4603 Pomaaou
1360 4533 1400 4595 de
1428 4528 1559 4593 Matheo
1573 4530 1614 4593 de
1629 4529 1794 4593 Fornaaua

287 4648 344 4711 pro
382 4648 404 4691 1.
437 4676 444 4691 .

330 4764 491 4914 tbgaltssrus
520 4764 559 4829 de
589 4766 723 4830 Urtiaco
752 4770 844 4830 tenet
874 4766 1058 4829 manerium
1089 4763 1130 4826 de
1161 4761 1300 4830 Swama
1330 4758 1372 4821 da
1405 4756 1549 4819 Hemioo
1586 4755 1627 4818 de
1662 4753 1795 4818 Urtiaoo

288 4872 345 4935 pro
384 4874 406 4917 1.
437 4900 444 4916 .

331 4989 513 5060 Willelmua
540 4990 581 5053 de
605 4990 769 5056 Staunton
796 4994 887 5055 tenet
912 4992 947 5054 in
973 4992 1093 5057 Noaan
1108 4990 1268 5055 bamma
1283 4984 1324 5048 de
1339 4982 1480 5069 Symone
1504 4982 1545 5046 de
1560 4980 1676 5043 Monte
1691 4979 1797 5041 Acuta

288 5088 437 5163 quartam
452 5083 579 5159 partam
595 5098 650 5143 un.
667 5079 691 5142 f.

331 5216 501 5299 Philippus
517 5215 557 5279 de
574 5184 739 5299 (iu‘rtenay
756 5220 848 5279 tenet
863 5218 898 5279 in
914 5164 1048 5283 Gavmm
1063 5213 1206 5279 Manaaa
1222 5211 1262 5275 de
1278 5212 1368 5275 dioto
1384 5208 1524 5293 Symone
1539 5206 1585 5271 di.
1601 5206 1625 5268 f.

289 5442 321 5504 d·
334 5354 448 5503 Aflieim
463 5374 525 5435 que
539 5354 604 5415 fuit
618 5374 697 5418 uxor
713 5352 841 5415 Radulfi
854 5352 970 5429 wake,
979 5359 1072 5416 tenet
1086 5354 1120 5414 in
1130 5351 1232 5417 Wasa
1248 5350 1424 5415 Domum
1439 5345 1479 5409 de
1492 5346 1614 5408 comita
1629 5340 1798 5405 Lineolnia

313 5461 336 5507 1·
369 5488 376 5503 ·
557 5458 563 5473 .
