4117 6209
915 665 996 729 au.
1021 667 1116 729 rsus.
1701 671 1762 762 roo

308 953 503 1018 Edmundus
534 955 711 1040 Brydenell
741 961 836 1022 tenet
865 957 1059 1021 immediate
1088 961 1151 1022 eto.
1183 960 1273 1020 certa
1300 961 1409 1020 terras
1438 961 1474 1020 et
1502 959 1694 1019 tenemeuta
1730 954 1764 1016 in

264 1041 603 1213 sspgprpounpurnnnn,
630 1066 691 1128 que
714 1065 816 1129 nuper
842 1044 976 1110 fuerunt
1000 1043 1161 1108 Johannis
1186 1042 1356 1108 Leukener
1380 1065 1441 1128 per
1455 1044 1631 1107 servicium
1645 1046 1762 1127 quarte

308 1242 411 1304 Heres
426 1240 586 1306 Iohannis
598 1241 739 1324 Symeon
753 1247 849 1307 tenet
863 1244 1054 1307 immediate
1069 1246 1159 1308 certa
1173 1249 1278 1306 terras
1292 1247 1327 1306 et
1341 1247 1528 1306 tenementa
1537 1242 1572 1304 in
1582 1242 1762 1306 Annarnnn

264 1331 299 1478 ἐξ
317 1328 435 1481 SforlrIrlsn,
451 1351 514 1413 que
528 1351 633 1414 nuper
647 1330 781 1395 fuerunt
800 1331 922 1394 Thome
947 1330 1074 1394 Morlee
1096 1336 1129 1393 et
1154 1328 1312 1394 Johannis
1339 1328 1481 1412 Symeon
1508 1351 1564 1414 per
1589 1330 1763 1393 servicium

304 1529 407 1592 Heres
422 1529 580 1593 Johannis
590 1531 719 1614 Vernay
730 1535 822 1594 tenet
834 1531 1026 1594 immediate
1042 1536 1131 1594 certa
1144 1536 1247 1594 terras
1263 1538 1297 1594 et
1311 1533 1505 1593 tenementa
1515 1530 1549 1591 in
1561 1527 1761 1595 Kvucnsroa

264 1619 298 1676 et
313 1617 449 1682 Kvnnnv
464 1637 520 1701 per
535 1620 707 1682 servicium
721 1618 767 1684 di.
784 1618 808 1684 f.
826 1639 870 1684 m.

307 1754 410 1818 Heres
440 1755 600 1820 Iohannis
629 1756 800 1841 Nerevvyte
830 1761 921 1821 tenet
959 1756 1151 1820 immediate
1188 1760 1273 1818 certa
1313 1760 1415 1819 terras
1445 1762 1480 1819 et
1509 1759 1698 1819 reuomente
1726 1757 1760 1817 in

264 1843 456 1910 Kruonsnou
471 1849 504 1908 et
520 1844 656 1910 Kvnnnv
667 1865 724 1927 per
740 1845 914 1908 servicium
930 1845 975 1909 di.
992 1843 1015 1909 f.
1032 1865 1077 1908 m.

305 1980 408 2043 Heres
433 1979 592 2044 Iohannis
617 1981 723 2044 Beche
749 1987 782 2046 et
809 1979 969 2045 Johannis
997 1979 1129 2064 Soundy
1155 1984 1247 2043 tenet
1271 1978 1464 2042 immediate
1488 1984 1577 2043 certa
1603 1984 1705 2044 terras
1728 1985 1762 2044 et

262 2071 450 2131 tenementa
465 2069 498 2131 in
515 2069 717 2134 herennius
732 2088 789 2153 per
804 2069 975 2133 servicium
990 2068 1107 2151 quinte
1123 2069 1225 2150 partis
1240 2067 1264 2133 f.
1281 2087 1325 2132 m.

305 2203 506 2288 Reginaldus
536 2205 700 2288 Barantyn
731 2210 822 2269 tenet
851 2204 1043 2269 immediate
1072 2209 1135 2268 etc.
1167 2209 1256 2267 certa
1292 2209 1397 2267 terras
1436 2208 1471 2267 et
1499 2207 1691 2268 tenementa
1726 2205 1762 2267 iu

263 2292 431 2369 Rursoan,
447 2312 511 2375 que
526 2313 630 2376 nuper
644 2291 778 2356 fuerunt
794 2292 915 2356 Oliveri
930 2290 971 2355 de
987 2291 1116 2372 Bowen,
1134 2311 1191 2374 per
1205 2292 1381 2354 servicium
1397 2295 1513 2374 quarte
1528 2293 1631 2374 partis
1645 2292 1669 2357 i.
1685 2311 1730 2357 m.

306 2427 397 2491 Idem
423 2427 624 2512 Reginaldus
650 2433 740 2493 tenet
766 2428 958 2492 immediate
983 2432 1046 2494 etc.
1072 2433 1161 2492 certa
1184 2432 1289 2492 terras
1315 2435 1351 2491 et
1376 2431 1568 2492 tenementa
1592 2429 1628 2491 in
1655 2430 1764 2494 Parva

263 2515 410 2595 Haesura,
426 2537 488 2600 que
504 2537 606 2600 nuper
622 2517 754 2580 fuerunt
771 2515 839 2580 Ade
854 2514 1009 2596 Louches,
1024 2537 1082 2599 per
1097 2517 1270 2579 servicium
1286 2514 1332 2582 di.
1348 2514 1373 2580 f.
1385 2536 1435 2599 m.

306 2653 400 2716 Idem
415 2653 614 2738 Reginaldus
631 2658 723 2719 tenet
738 2659 828 2718 certa
843 2661 944 2718 terras
960 2658 995 2717 et
1008 2657 1194 2717 tenementa
1208 2653 1244 2717 in
1259 2654 1405 2737 predicta
1419 2652 1527 2719 Parva
1540 2651 1688 2732 Haesura,
1699 2671 1762 2737 qne

261 2760 366 2824 nuper
379 2741 514 2804 fuerunt
528 2741 688 2804 Johannis
699 2741 886 2834 'Marmyom
903 2760 960 2825 per
975 2741 1149 2805 servicium
1164 2739 1211 2805 di.
1228 2740 1251 2805 f.
1269 2761 1314 2805 m.

305 2877 462 2942 Ricardus
478 2877 690 2963 Catermayns
705 2883 798 2943 tenet
811 2879 1002 2943 immediate
1017 2883 1079 2944 etc.
1096 2882 1184 2942 certa
1199 2882 1301 2941 terras
1323 2883 1357 2942 et
1382 2880 1574 2941 tenementa
1597 2877 1631 2939 in
1654 2878 1763 2944 Phara

264 2965 396 3045 choru,
414 2987 476 3051 que
490 2985 595 3050 nuper
609 2965 742 3030 fuerunt
755 2961 824 3030 ride
840 2965 880 3030 de
897 2966 1060 3046 Stanford‚
1075 2987 1131 3050 per
1146 2967 1317 3029 servicium
1333 2966 1377 3029 di.
1392 2965 1417 3030 f.
1433 2987 1478 3031 m.

305 3101 445 3167 Thomas
461 3102 579 3168 Couele
594 3107 686 3167 tenet
702 3104 894 3168 immediate
909 3109 971 3170 etc.
988 3110 1077 3167 certa
1104 3109 1203 3167 terras
1229 3111 1263 3166 et
1288 3108 1481 3167 tenementa
1506 3105 1543 3166 in
1568 3101 1765 3183 Baranam,

263 3211 325 3272 que
341 3211 444 3274 nuper
459 3191 594 3254 fuerunt
608 3189 729 3254 Thome
745 3190 864 3268 Parke,
879 3212 935 3274 per
951 3192 1123 3255 servicium
1139 3192 1240 3255 tercie
1255 3192 1358 3274 partis
1372 3191 1396 3255 f.
1413 3211 1458 3255 m.

305 3328 445 3392 Thomas
468 3327 624 3393 Chaucers
650 3332 747 3392 tenet
771 3329 964 3393 immediate
990 3334 1052 3394 etc.
1068 3333 1155 3393 certa
1176 3333 1278 3392 terras
1293 3335 1326 3392 et
1343 3332 1533 3392 tenemeuta
1548 3327 1582 3390 in
1599 3328 1762 3406 Ewnnun,

263 3436 325 3500 que
340 3435 444 3499 nuper
460 3415 595 3479 fuerunt
611 3413 769 3480 Iohannis
784 3414 1024 3501 Bourghayssh‚
1039 3437 1097 3500 per
1113 3418 1284 3480 servicium
1300 3421 1412 3499 quarte
1428 3417 1528 3498 partis
1542 3413 1566 3481 f.
1582 3435 1627 3479 m.

306 3553 398 3618 Idem
424 3553 563 3616 Thomas
590 3551 748 3618 Chaucers
771 3559 862 3618 tenet
889 3561 976 3618 certa
1002 3558 1104 3618 terras
1131 3559 1166 3616 et
1180 3558 1372 3619 tenementa
1386 3552 1422 3616 in
1436 3553 1588 3620 Ειιιιιιιιι
1604 3553 1763 3635 predicta,

262 3662 324 3815 {1330
335 3661 465 3812 pffirf
492 3639 631 3792 1fluerunt
663 3640 819 3705 willelmi
850 3641 945 3704 Waas
983 3648 1017 3705 et
1046 3640 1206 3705 Johannis
1236 3639 1463 3726 Bourghayssh
1494 3661 1551 3723 per
1590 3641 1763 3705 servicium

305 3866 396 3929 Idem
412 3865 552 3928 Thomas
568 3864 725 3929 Chaucers
741 3869 833 3929 tenet
849 3870 938 3929 certa
953 3870 1055 3929 terras
1070 3870 1103 3929 et
1119 3869 1308 3930 tenementa
1323 3866 1358 3927 in
1384 3863 1531 3948 predicta
1555 3864 1707 3931 Euenus
1722 3864 1762 3930 de

262 3949 379 4017 herede
395 3953 433 4016 de
449 3952 696 4036 Kyssyngbury,
711 3974 774 4036 que
790 3974 895 4037 nuper
909 3953 1044 4018 fuerunt
1058 3952 1343 4032 Willelmi‘Waas,
1358 3973 1416 4036 per
1431 3953 1603 4016 servicium
1614 3952 1680 4057 j'.f'
1695 3972 1740 4018 ιιι.

305 4088 444 4153 Domina
460 4086 652 4167 Katherina,
667 4090 781 4174 regina
795 4089 924 4175 Anglie,
940 4094 1032 4153 tenet
1048 4090 1083 4153 iu
1098 4088 1210 4153 dotem
1226 4092 1313 4152 certa
1329 4093 1432 4152 terras
1458 4096 1491 4153 et
1517 4094 1705 4153 tenementa
1728 4091 1763 4152 in

262 4175 606 4349 Errxsssplvlrmhijrcprmet
635 4177 847 4255 Lscnnroan,
873 4198 935 4262 que
960 4197 1065 4261 nuper
1091 4176 1225 4242 fuerunt
1251 4176 1382 4240 comitis
1406 4176 1680 4260 Northamptonie
1704 4197 1761 4261 per

303 4399 470 4466 Iohannes
506 4399 691 4465 Cotesmore
729 4407 824 4466 tenet
859 4403 1053 4466 immediate
1089 4408 1149 4467 etc.
1181 4405 1272 4465 certa
1307 4407 1409 4464 terras
1445 4407 1479 4464 et
1508 4406 1697 4465 tenemento
1726 4402 1761 4466 in

263 4489 457 4568 Honcouan,
473 4509 534 4572 que
549 4509 653 4572 nuper
668 4489 801 4553 fuerunt
815 4487 981 4573 Radulphi
996 4489 1158 4574 Angeiyn‚
1174 4509 1231 4572 per
1247 4487 1422 4551 servicium
1437 4487 1481 4552 di.
1496 4487 1520 4553 f.
1537 4508 1582 4552 m.

304 4624 504 4710 Reginaldus
543 4625 708 4707 Barantyn
746 4628 838 4688 tenet
875 4625 1066 4688 immediate
1095 4629 1158 4689 etc.
1188 4625 1277 4686 certa
1306 4626 1409 4685 terras
1440 4628 1475 4686 et
1503 4626 1696 4706 tenemento
1725 4627 1761 4687 in

262 4713 458 4862 §aistulphum
482 4732 557 4776 cunr
582 4711 747 4788 membris,
772 4731 835 4794 que
862 4731 965 4796 nuper
991 4711 1123 4776 suerunt
1149 4709 1272 4773 Thome
1300 4709 1479 4794 Barantyn‚
1503 4730 1559 4794 per
1589 4711 1760 4776 servicium

261 4822 272 4884 1
305 4912 397 4976 Idem
411 4909 611 4996 Reginaldus
626 4913 716 4973 tenet
731 4910 923 4974 immediate
938 4915 999 4975 etc.
1016 4913 1106 4972 certa
1120 4915 1221 4973 terras
1236 4915 1270 4974 et
1286 4913 1477 4974 tenementa
1502 4911 1537 4973 in
1562 4910 1761 4978 Cnanoaavn

262 5000 421 5084 predicta,
438 5019 502 5083 que
518 5017 623 5080 nuper
637 4999 771 5062 inerunt
785 4997 951 5060 Edmundi
967 4997 1007 5061 de
1022 4996 1169 5075 Beriord,
1184 5017 1239 5081 per
1254 4998 1427 5061 servicium
1439 4995 1466 5080 j.
1484 4998 1506 5059 f.
1522 5015 1567 5059 m.

305 5136 474 5200 Johannes
511 5135 714 5200 Cottesmore
751 5139 843 5198 tenet
872 5134 1067 5198 immediate
1096 5139 1158 5199 etc.
1190 5138 1280 5198 certa
1308 5137 1410 5197 terras
1439 5138 1470 5196 et
1502 5137 1692 5198 tenementa
1727 5137 1761 5198 in

261 5224 561 5302 Baraunnoawnnu
578 5244 640 5306 que
655 5242 761 5307 nuper
776 5221 910 5286 fuerunt
925 5221 1091 5304 Radulphi
1106 5221 1298 5285 Hornestall
1314 5241 1373 5303 per
1388 5221 1558 5284 servicium
1574 5221 1618 5285 di.
1635 5222 1657 5285 f.
1672 5241 1718 5287 m.

304 5362 461 5426 Ricardns
477 5359 687 5442 Catermayns
703 5363 794 5424 tenet
808 5359 1001 5422 immediate
1017 5362 1081 5420 etc.
1092 5362 1181 5421 certa
1196 5362 1299 5422 terras
1314 5361 1348 5421 et
1364 5362 1553 5422 tenementa
1567 5359 1601 5420 in
1618 5358 1760 5436 chonn,

260 5470 323 5534 que
338 5469 442 5533 nuper
457 5449 590 5512 suerunt
604 5448 756 5512 Fulconis
771 5445 899 5525 Ricote,
916 5466 974 5529 per
989 5445 1162 5508 servicium
1177 5445 1201 5531 j.
1218 5445 1241 5510 f.
1257 5465 1301 5509 m.

323 5582 408 5638 22102
1666 5576 1690 5625 N
