4117 6209
894 652 978 719 AJ).
1003 651 1102 720 1303.
1682 655 1746 721 315

283 948 467 1017 willelmus
490 951 531 1013 de
558 949 718 1014 Staunton
751 954 784 1012 et
808 948 994 1015 Willelmus
1022 947 1193 1033 Roffegrey
1219 953 1333 1013 tenent
1362 950 1404 1013 de
1432 950 1526 1015 feodo
1552 950 1679 1015 abbatis
1708 951 1748 1016 de

241 1035 434 1121 Mochelnye
450 1040 484 1100 in
500 1038 606 1104 Wm
621 1042 770 1122 quartam
786 1042 914 1120 partem
929 1056 985 1101 un.
1002 1036 1025 1101 f.

283 1172 445 1237 Johannes
469 1174 621 1239 Walrond
647 1180 681 1237 et
707 1172 800 1237 heres
823 1173 983 1237 willelmi
1006 1172 1104 1256 Wyly
1130 1178 1244 1235 tenent
1271 1175 1306 1236 in
1331 1175 1487 1241 Boononn
1516 1175 1558 1238 de
1581 1176 1674 1239 feodo
1705 1177 1747 1240 de

241 1262 361 1325 Meriet
374 1268 520 1328 octavam
536 1270 664 1346 partem
680 1282 735 1327 un.
750 1260 774 1326 f.

284 1394 429 1544 Rtogerus
443 1396 530 1545 fflius
544 1395 666 1460 Thome
677 1395 706 1457 le
720 1394 811 1459 Ware
827 1399 919 1457 tenet
934 1394 967 1456 in
982 1394 1073 1461 Gosss
1085 1394 1224 1460 anu
1239 1394 1280 1457 de
1295 1394 1389 1457 feodo
1404 1391 1444 1456 de
1459 1393 1579 1457 Meriet
1594 1395 1745 1478 quintam

243 1501 299 1566 par
314 1502 365 1545 em
381 1504 436 1548 un.
467 1533 476 1549 .

640 1669 875 1757 [Huummnum
898 1666 958 1757 nn]
989 1668 1108 1737 SUTH
1131 1668 1354 1735 PERTONE.

676 1806 827 1869 Matheus
842 1806 883 1868 de
898 1806 976 1868 Esse

678 1895 776 1975 Hugo
788 1894 829 1956 de
846 1893 971 1975 Bruges
1074 1846 1283 1935 [juram]

285 2032 444 2094 'senentes
459 2030 499 2093 de
514 2031 645 2094 domino
660 2051 737 2115 rege
753 2032 807 2095 120.
823 2054 875 2094 :—

246 2258 253 2272 .
282 2168 382 2319 ΞΙγαε
403 2170 444 2232 de
460 2170 636 2253 Albyniaeo
652 2174 744 2232 tenet
760 2169 902 2231 maneria
916 2168 957 2231 de
976 2166 1069 2235 Sum
1085 2168 1230 2245 Pam,
1247 2168 1426 2235 Bmmou
1442 2174 1476 2232 et
1493 2169 1673 2236 camon
1688 2191 1746 2253 pro

242 2280 266 2343 J.
297 2306 305 2321 .

286 2394 451 2457 Johannes
466 2393 507 2457 de
523 2393 613 2457 Bello
629 2394 750 2477 Campo
766 2399 858 2457 tenet
873 2394 1058 2455 manerium
1073 2393 1115 2455 de
1132 2392 1261 2460 Samon
1275 2413 1333 2476 pro
1348 2394 1394 2459 di.
1411 2393 1434 2458 f.

286 2529 449 2593 Tenentes
465 2549 522 2613 per
537 2528 684 2591 medium
696 2552 749 2593 :-

286 2668 429 2819 cystim
451 2667 492 2730 de
517 2667 641 2733 Burton
666 2666 814 2749 Avaylles
841 2670 932 2729 tenet
947 2665 982 2728 in
1003 2665 1134 2731 Domum
1154 2664 1194 2726 de
1210 2663 1291 2748 Elya
1305 2663 1346 2726 de
1360 2663 1538 2747 Albyniaco
1554 2664 1598 2748 vj.
1615 2670 1744 2747 partem

241 2777 296 2822 un.
328 2804 336 2823 .

285 2892 423 2957 Jacobus
437 2892 477 2955 de
493 2891 637 2954 Moleton
654 2896 744 2955 tenet
759 2890 793 2953 in
812 2890 1077 2957 savnufflmon
1094 2889 1161 2955 VAs
1175 2888 1217 2951 de
1232 2888 1374 2973 Hugone
1390 2888 1431 2951 de
1446 2887 1607 2971 Curtenay
1623 2888 1669 2951 di.
1684 2889 1707 2953 f.

286 3028 430 3112 Rogems
446 3024 557 3089 Basset
572 3030 606 3089 et
622 3024 681 3089 Ela
696 3046 775 3087 uxor
789 3025 861 3109 ejus
877 3030 993 3088 tenent
1008 3026 1043 3088 in
1058 3025 1170 3088 dotem
1187 3030 1221 3087 et
1237 3024 1359 3090 MAGNA
1373 3024 1509 3090 Lopm
1532 3024 1572 3088 de
1594 3023 1745 3088 Johanne

243 3117 284 3179 de
299 3116 422 3177 Meriet
436 3114 470 3177 in
486 3114 597 3176 dotem
612 3113 715 3194 ipsius
731 3111 790 3175 Ele
804 3134 861 3196 pro
876 3113 920 3177 di.
937 3113 959 3177 f.

285 3250 450 3317 Johannes
460 3248 562 3317 Wake
578 3256 667 3312 tenet
682 3250 865 3312 manerium
881 3251 922 3313 de
933 3250 999 3313 EST
1009 3249 1198 3312 Doufflcn
1213 3248 1254 3311 de
1270 3250 1392 3313 comite
1408 3248 1577 3313 Lincolnie
1592 3271 1649 3334 pro
1665 3250 1708 3316 di.
1720 3251 1745 3316 f.

287 3389 471 3452 Willelmus
485 3387 526 3451 de
542 3386 663 3469 Cryket
679 3392 770 3450 tenet
786 3385 919 3452 Omns
934 3386 973 3449 de
988 3385 1126 3448 Rioerdo
1142 3386 1242 3448 Lovel
1257 3406 1315 3469 pro
1330 3389 1446 3471 quarta
1461 3392 1553 3471 parte
1568 3407 1625 3453 un.
1642 3389 1665 3453 f.

285 3527 438 3590 Matheus
452 3525 492 3588 de
508 3526 585 3587 Esse
600 3530 634 3587 et
655 3523 846 3587 Humfridus
862 3525 901 3586 de
917 3524 1000 3586 Kael
1023 3529 1137 3586 tenent
1162 3525 1197 3585 in
1226 3523 1457 3590 Connnwomfl
1484 3530 1517 3587 et
1545 3525 1678 3592 Cnomffi
1704 3526 1745 3590 de

242 3615 382 3681 Roberto
398 3612 454 3675 Fiz
472 3612 561 3695 Payn
576 3632 634 3694 pro
650 3612 694 3676 di.
712 3612 734 3677 f.
782 3613 961 3693 (Marqinal
976 3622 1058 3688 note,
1076 3610 1326 3673 Memorandum
1348 3612 1434 3694 quod
1458 3612 1592 3679 Cuomffl
1615 3618 1746 3677 tenetur

285 3838 480 3903 Humfridus
506 3837 546 3899 de
571 3835 664 3898 Bello
690 3835 812 3919 Campo
842 3840 876 3897 et
906 3835 1067 3898 Radulfus
1095 3836 1136 3898 de
1167 3835 1369 3919 stokelynch
1401 3834 1548 3923 [tenent]
1585 3838 1619 3898 in
1652 3837 1745 3905 Sum

241 3928 370 4078 fflnfofl
383 3932 417 3989 et
433 3924 567 3992 onom
582 3923 622 3986 de
638 3924 739 3986 dictis
755 3922 932 3985 Humfrido
947 3923 986 3985 de
1001 3922 1087 3986 Kael
1101 3929 1134 3986 et
1150 3921 1287 3986 Matheo
1302 3924 1343 3987 de
1359 3925 1435 3988 Esse
1450 3934 1601 4009 quartam
1616 3930 1744 4008 partem

727 4183 965 4271 [Hunnfflmffl
988 4181 1048 4271 mx]
1077 4184 1277 4253 ΜΕΒΤΟΚ.

613 4319 778 4384 Johannes
793 4321 833 4383 de
848 4320 1048 4401 Wydeoomb
1168 4365 1175 4379 ·

613 4407 799 4471 Willelmus
814 4408 855 4471 de
868 4408 1002 4472 Mertok
1145 4363 1355 4453 [5¹³³th

283 4550 443 4615 Tenentes
458 4548 513 4612 i.c.
529 4544 570 4608 de
584 4543 718 4607 domino
732 4565 808 4629 rege
820 4569 874 4609 :—

245 4772 252 4787 .
281 4685 449 4835 gohannes
463 4683 504 4746 de
521 4682 649 4766 Fynnes
666 4684 761 4745 tenet
776 4680 959 4743 manerium
975 4679 1014 4743 de
1031 4680 1175 4747 Mmox
1197 4703 1273 4746 eum
1290 4682 1415 4747 villatis
1439 4681 1665 4766 adjacent-ibus
1689 4704 1748 4767 pro

240 4794 265 4860 J.
296 4822 303 4840 .

744 4938 981 5028 [Hunmmnuu
1005 4939 1065 5029 nn]
1097 4943 1252 5013 STONE.

610 5074 796 5141 Willelmus
812 5079 853 5142 de
868 5078 1068 5142 Wermewill
1189 5128 1196 5142 .

612 5165 796 5229 Willelmus
812 5166 853 5229 de
869 5166 1047 5250 Cantilupo
1166 5124 1358 5214 [mmm]

283 5308 449 5372 'senentes
464 5304 504 5368 de
520 5304 655 5367 domino
669 5323 745 5387 rege
760 5304 811 5368 i.c.
826 5326 877 5365 :-

281 5445 448 5511 Johannes
463 5444 505 5507 de
522 5442 708 5528 Hastynges
724 5448 819 5507 tenet
833 5443 1015 5506 manerium
1032 5439 1072 5504 de
1087 5440 1257 5509 Bmvm
1271 5459 1328 5523 pro
1339 5437 1367 5520 j·
1383 5436 1408 5503 f·
