4117 6209
1022 655 1091 729 viii

611 972 710 1045 “sub
738 972 805 1043 hac
833 962 1082 1042 iormaz-Dc
1098 986 1246 1059 corpore
1261 962 1510 1035 comitatuum.
1562 960 1619 1029 De
1635 954 1805 1051 proficuis

611 1128 631 1159 ‘⁴
644 1119 899 1193 comitatuum.
975 1115 1033 1187 De
1075 1112 1179 1186 firma
1220 1110 1506 1185 hundredorum.
1585 1107 1643 1178 De
1695 1113 1806 1176 turno

610 1270 907 1343 “vicecomitum
958 1266 1017 1337 De
1058 1264 1142 1336 visu
1183 1260 1298 1336 stauai
1342 1258 1501 1356 (plegii).
1562 1258 1618 1329 De
1652 1254 1807 1328 minutis

613 1421 773 1495 “firmis.
828 1421 886 1491 De
926 1416 1120 1514 serjantiis.
1172 1416 1232 1488 De
1273 1414 1422 1487 essartis
1464 1421 1503 1485 et
1545 1408 1804 1506 purpresturis.

615 1574 704 1644 “De
737 1569 914 1666 peccunia
948 1592 1059 1663 quam
1094 1566 1327 1640 vicecomites
1355 1576 1393 1637 et
1419 1559 1549 1637 ballivi
1578 1572 1807 1655 receperunt.
1948 1622 1952 1630 .

614 1726 704 1796 “De
738 1720 896 1818 prisonis
930 1730 1058 1793 contra
1091 1727 1239 1791 statuta.
1291 1717 1349 1789 De
1382 1714 1480 1787 villis
1521 1734 1560 1788 et
1601 1714 1810 1788 nominibus

614 1885 769 1947 “earum
817 1870 916 1944 inira
957 1870 1145 1943 hundreda
1187 1866 1362 1963 predicta.
1432 1868 1489 1938 De
1532 1863 1645 1937 talliis
1687 1876 1814 1938 contra

614 2029 803 2100 “diversos
844 2022 1084 2097 vicecomites.
1142 2020 1197 2093 lle
1240 2018 1351 2093 talliis
1392 2021 1438 2091 de
1481 2018 1677 2104 Scaccario‚
1722 2041 1811 2111 qnas

614 2178 781 2252 “diversi
816 2177 953 2249 babent
985 2197 1097 2270 penes
1131 2197 1168 2245 se
1199 2174 1360 2245 nondum
1387 2164 1561 2243 allocatis.
1614 2168 1671 2238 Dc
1704 2165 1811 2238 liber-

616 2330 783 2402 “tatibus
826 2351 914 2422 qnos
959 2326 1092 2398 diversi
1133 2323 1296 2396 clamant
1337 2322 1471 2396 habere
1513 2342 1578 2417 per
1610 2330 1738 2404 cartas,
1772 2326 1812 2389 et

616 2481 805 2576 “qualiter
837 2481 890 2552 eis
924 2478 982 2552 usi
1016 2484 1112 2564 sunt,
1142 2486 1181 2548 ct
1213 2476 1346 2564 quibus
1379 2474 1436 2546 nsi
1469 2496 1541 2545 nou
1576 2485 1672 2553 sunt,
1700 2473 1811 2546 etde

616 2632 733 2705 “aliis
774 2630 1003 2705 libertatibus
1048 2628 1157 2723 Regis
1199 2624 1342 2710 debitis,
1384 2633 1422 2697 et
1468 2622 1515 2695 de
1558 2621 1705 2716 quibus.
1756 2624 1813 2695 lle

616 2778 765 2851 “feodis
805 2768 877 2872 que
919 2786 1091 2849 tenentur
1132 2776 1178 2846 de
1219 2798 1305 2869 rege
1348 2772 1386 2844 in
1426 2771 1558 2867 capite,
1593 2786 1630 2846 et
1663 2772 1727 2866 qui
1770 2794 1813 2843 ea

617 2939 638 2971 ‘⁴
651 2939 784 3015 tenent,
820 2939 858 3001 et
896 2928 934 2999 in
976 2926 1110 3021 quibus
1152 2926 1253 3003 locis.
1308 2926 1362 2996 lle
1397 2922 1581 3005 veteribus
1627 2923 1812 3012 extractis.

615 3083 704 3155 “De
746 3080 1100 3155 summonicionibus
1145 3078 1324 3152 Scaccarii
1367 3090 1440 3149 tam
1483 3073 1578 3148 infra
1628 3076 1815 3148 libertates

530 3338 533 3345 ι
620 3243 763 3330 “quam
797 3242 911 3305 extra.
964 3234 1021 3305 De
1052 3231 1211 3305 exitibus
1240 3239 1421 3303 terrarum
1451 3228 1668 3301 forestarum
1696 3251 1814 3301 coram

618 3388 640 3419 “
646 3378 876 3477 justiciariis.
927 3380 1020 3453 Item
1064 3380 1129 3475 qui
1169 3379 1324 3452 fuerunt
1357 3379 1492 3475 geldati
1528 3388 1688 3474 tempore
1721 3381 1818 3476 ragis

619 3531 820 3616 “Henrici
850 3540 886 3603 et
910 3530 1071 3625 qualiter
1095 3540 1211 3606 status
1237 3556 1364 3607 eornm
1390 3541 1561 3606 mutatur.

416 3716 452 3785 A
481 3712 707 3808 comparison
740 3708 782 3783 of
813 3711 914 3785 these
943 3712 1110 3810 capitula
1141 3712 1230 3786 with
1257 3713 1320 3787 the
1348 3714 1410 3786 list
1439 3713 1481 3787 ol
1510 3712 1676 3812 capitulo
1707 3713 1817 3809 given

316 3868 356 3937 in
389 3864 452 3937 the
488 3862 630 3958 prefuce
662 3870 700 3936 to
734 3864 796 3935 the
831 3864 908 3935 first
935 3861 1081 3935 volume
1107 3863 1150 3937 of
1175 3863 1316 3937 Feudcl
1345 3864 1449 3953 Aius,
1479 3867 1551 3938 aud
1580 3865 1640 3938 the
1673 3864 1817 3960 printed

315 4014 534 4113 inquisition
551 4016 609 4089 for
625 4016 688 4090 the
706 4015 874 4090 hundred
890 4014 932 4088 oi
947 4013 1475 4111 u0u10w0‚00.ssuckingham
1493 4015 1595 4113 (ibid.
1610 4041 1673 4112 pp.
1687 4014 1818 4112 86-90)

315 4171 432 4242 shows
465 4168 547 4241 that
578 4170 661 4261 they
696 4191 756 4241 are
798 4165 1014 4264 practically
1048 4167 1221 4239 identieal
1257 4168 1330 4240 aud
1365 4168 1614 4265 undoubtedly
1648 4169 1748 4242 refer
1781 4179 1819 4241 to

316 4322 378 4394 the
420 4342 517 4393 same
559 4320 719 4417 inquest.
796 4316 875 4391 The
916 4328 1196 4415 contemporary
1238 4334 1396 4394 account
1435 4322 1628 4395 fumished
1671 4324 1717 4416 by
1758 4320 1820 4393 the

319 4472 517 4547 Claronioon
545 4468 826 4565 Petroburqauss
854 4470 985 4544 should
1012 4471 1122 4545 clear·
1137 4496 1187 4567 up
1214 4496 1286 4567 any
1313 4473 1445 4547 doubts
1474 4473 1553 4546 that
1584 4497 1662 4567 may
1681 4470 1819 4545 remain

318 4624 538 4721 concerning
563 4622 638 4697 this
665 4624 862 4697 somewhnt
887 4625 1040 4697 obscure
1066 4624 1219 4721 subject.

418 4808 497 4883 The
525 4805 891 4901 Northamptonshlre
919 4818 1062 4881 returns
1089 4830 1152 4881 are
1181 4806 1400 4901 incompleta
1428 4830 1467 4878 so
1495 4805 1554 4879 iar
1583 4830 1622 4878 as
1647 4830 1822 4879 concerns

318 4962 381 5034 the
415 4962 631 5033 documenta
665 4966 792 5031 extant
823 4956 863 5030 in
896 4958 1124 5032 thePublic
1163 4959 1298 5033 Record
1334 4958 1462 5047 Office‚
1496 4960 1563 5030 but
1602 4956 1712 5030 while
1748 4960 1822 5031 this

319 5116 463 5187 volume
492 5136 564 5183 vvas
590 5109 699 5202 being
727 5109 871 5205 printed
890 5110 919 5182 it
936 5084 1009 5183 was
1037 5110 1247 5184 discovered
1275 5108 1357 5182 that
1383 5109 1489 5181 there
1525 5132 1587 5181 are
1623 5109 1821 5201 preserved

320 5288 452 5361 among
478 5264 539 5336 the
566 5258 750 5357 Cardigan
777 5264 882 5337 MSS.
912 5262 950 5336 in
974 5262 1038 5335 the
1062 5260 1200 5356 library
1218 5261 1261 5336 of
1286 5264 1412 5335 Deane
1443 5261 1584 5341 Honse‚
1602 5258 1824 5353 Northarnp·

318 5416 489 5504 toushire,
527 5422 685 5489 extracti
727 5414 801 5487 and
843 5412 964 5507 copies
1008 5410 1102 5484 from
1147 5413 1210 5485 the
1253 5376 1406 5504 missing
1448 5409 1602 5495 records‚
1641 5409 1744 5479 made
1777 5409 1824 5503 by
