4117 6209
880 659 960 723 Ab.
987 663 1083 724 1346.
1668 655 1729 717 123

276 941 322 1004 De
345 941 518 1027 Radulpho
541 942 611 1006 filio
634 943 723 1008 Petri
747 966 805 1028 pro
825 945 851 1029 j.
868 947 891 1011 f.
908 948 942 1009 in
960 946 1196 1012 Honnswcnrir
1212 949 1347 1009 onerato
1364 963 1460 1027 super
1474 944 1661 1024 compotum
1677 958 1732 1020 per

232 1030 411 1093 evidencias
437 1033 587 1094 scaccarii
611 1038 644 1096 et
671 1053 737 1096 non
760 1055 817 1116 per
840 1034 1091 1116 inquisicionem
1115 1055 1223 1097 coram
1246 1032 1382 1116 prefatis
1406 1029 1630 1095 collectoribus
1656 1026 1732 1088 inde

234 1116 364 1194 factam,
379 1120 412 1180 in
432 1139 495 1202 qua
509 1121 693 1184 continetur
709 1121 795 1204 quod
811 1141 875 1183 non
894 1128 970 1184 sunt
985 1121 1096 1205 aliqua
1111 1119 1205 1184 feoda
1220 1141 1276 1184 seu
1291 1125 1398 1204 partes
1425 1119 1511 1181 feodi
1534 1117 1568 1178 in
1590 1115 1736 1197 predicta

236 1204 312 1266 villa
335 1212 443 1288 preter
469 1207 494 1292 j.
511 1207 535 1270 f.
552 1208 639 1289 quod
665 1213 799 1270 tenetur
813 1208 854 1271 de
869 1209 994 1272 Thoma
1010 1209 1050 1272 da
1065 1208 1158 1271 Novo
1174 1209 1322 1271 Mercato
1334 1212 1367 1270 et
1382 1204 1468 1290 quod
1484 1210 1534 1267 est
1549 1202 1630 1265 illud
1646 1201 1732 1263 idem

233 1290 360 1354 feodum
384 1293 470 1377 quod
492 1293 527 1355 in
550 1294 665 1357 rotulis
691 1295 844 1358 scaccarii
861 1297 920 1358 sub
935 1299 1067 1359 nomine
1082 1295 1222 1379 predicti
1238 1293 1402 1376 Radulphi
1418 1299 1467 1356 est
1482 1295 1643 1354 incertum
1663 1289 1730 1364 (sic)

235 1379 319 1441 etde
333 1401 397 1462 quo
412 1382 558 1463 superins
572 1388 750 1447 onerantur
766 1383 825 1447 sub
840 1385 972 1446 nomine
987 1384 1112 1446 Thomc
1127 1383 1166 1446 de
1181 1382 1212 1444 N
1214 1403 1273 1446 ovo
1289 1382 1434 1446 Mercato
1453 1419 1464 1430 ·
1555 1416 1565 1427 ·
1655 1374 1733 1437 xls-

497 1517 620 1584 lxixri.
636 1520 716 1606 xjc.
732 1520 794 1605 iiij.
804 1519 837 1585 d.

323 1561 457 1625 summa
498 1607 664 1671 feodorum
674 1607 853 1693 s-xxxiiij.
870 1607 914 1673 di.
931 1614 1047 1691 quarta
1063 1612 1165 1692 parte,
1183 1607 1231 1669 xl*
1252 1611 1344 1690 parte
1361 1612 1435 1670 cxx⁸
1456 1605 1549 1686 parte
1564 1601 1588 1686 j.
1606 1601 1630 1666 f.

717 1863 938 1928 Huunnnnuu
961 1883 1005 1926 nn
1028 1862 1259 1930 RYSCLIVE.

282 1995 328 2058 De
354 1996 481 2081 Rogero
507 1998 600 2062 Beler
624 2019 681 2082 pro
703 2000 728 2084 j.
746 1999 770 2066 f.
787 1999 821 2063 in
837 2000 1086 2078 Wrnunanonn,
1103 1997 1189 2084 quod
1215 1993 1382 2060 Johannes
1398 1995 1438 2058 de
1453 1993 1552 2057 Heriz
1575 1991 1738 2076 quondam

241 2084 349 2146 tenuit
446 2120 1571 2138 ............
1660 2078 1737 2144 xl.8.
1857 2131 1859 2134 .

282 2219 330 2282 De
353 2221 510 2285 Gervasio
533 2223 573 2286 de
597 2223 719 2287 Clifton
742 2245 800 2308 pro
821 2227 867 2290 di.
884 2225 907 2288 f.
924 2227 959 2288 in
976 2225 1132 2301 Curuios,
1149 2225 1322 2299 eroam
1339 2221 1513 2286 Baroroan
1528 2223 1561 2281 et
1579 2217 1739 2293 Scauros,

239 2308 323 2389 qnod
339 2307 512 2373 Gervasius
527 2311 567 2373 de
583 2309 716 2391 Clifton,
730 2319 916 2377 antecessor
931 2334 1020 2391 suus,
1036 2312 1199 2396 quondam
1215 2311 1362 2373 tenuit·
1453 2347 1464 2358 ·
1555 2346 1565 2356 -
1656 2325 1740 2368 xus.

283 2444 330 2507 De
345 2445 478 2524 (leonia,
493 2468 556 2529 que
574 2449 639 2512 fuit
655 2469 735 2511 uxor
751 2448 892 2513 Simonis
907 2450 948 2513 de
965 2447 1131 2532 Sibthorp,
1148 2469 1204 2531 pro
1217 2452 1331 2510 octava
1347 2449 1438 2529 parta
1453 2443 1516 2529 jd.
1529 2443 1563 2506 in
1582 2443 1741 2520 Scauros,

241 2551 336 2612 quam
351 2533 515 2597 Jobannes
530 2535 570 2598 de
586 2536 706 2619 Lymar
721 2539 884 2620 quondam
900 2537 1010 2600 tenuit
1070 2569 1588 2587 ------
1676 2549 1706 2592 v.
1715 2548 1741 2592 a.

242 2761 254 2818 t
284 2669 521 2821 DetEdmundo
536 2673 575 2735 de
591 2673 751 2756 Pirpount
767 2695 825 2756 pro
839 2674 884 2739 di.
902 2675 924 2739 f.
943 2676 976 2736 in
994 2674 1107 2754 Honu,
1125 2671 1210 2756 quod
1226 2671 1331 2734 Anora
1345 2669 1386 2732 de
1403 2667 1564 2751 Pirpount
1580 2666 1743 2750 quondam

259 2777 334 2819 enm
439 2795 1568 2813 ............
1657 2775 1742 2818 xm,

287 2895 333 2956 Ite
358 2895 497 2960 Ricardo
526 2898 673 2961 Poutrell
699 2920 756 2982 pro
783 2899 832 2984 iij.
857 2901 1007 2982 partibus
1034 2905 1069 2962 et
1095 2904 1208 2961 octava
1235 2901 1325 2979 parte
1354 2894 1378 2979 j.
1396 2894 1418 2958 f.
1446 2894 1486 2957 de
1512 2893 1569 2955 illc
1594 2891 1688 2954 feodo
1711 2891 1745 2952 in

244 2981 428 3063 Wrsnown,
444 2985 531 3068 quod
545 2986 703 3070 magister
720 2987 903 3051 Willelmus
918 2988 959 3051 de
975 2987 1078 3051 Barba
1099 2988 1224 3064 (rectius
1242 2983 1336 3068 Berg)
1355 2982 1519 3066 quondam
1536 2980 1644 3043 tenuit

1617 3087 1745 3132 xixus.

289 3208 336 3272 De
350 3209 466 3273 abbate
480 3211 518 3273 de
534 3209 707 3275 Gerondon
723 3233 781 3295 pro
797 3217 907 3276 octava
924 3217 1017 3295 parte
1033 3211 1162 3275 residua
1176 3209 1321 3295 ejusdem
1337 3207 1423 3271 feodi
1480 3245 1491 3256 -
1580 3240 1594 3252 -
1681 3224 1746 3267 ιε.

289 3347 338 3410 De
364 3348 510 3412 Johanne
535 3351 574 3414 de
600 3350 738 3434 Derleye
765 3372 822 3435 pro
849 3351 894 3416 di.
911 3350 935 3415 f.
958 3352 993 3414 in
1017 3351 1132 3416 Tncnr
1145 3355 1179 3412 et
1197 3350 1265 3428 (cic)
1285 3348 1411 3415 Granis
1427 3342 1512 3428 quod
1529 3340 1693 3406 Jobannes
1709 3340 1749 3403 de

248 3431 386 3519 Segrave
401 3437 565 3521 quondam
579 3440 687 3502 tenuit
747 3469 1570 3490 ---------
1659 3450 1710 3492 xx.
1719 3447 1746 3491 c.

291 3572 338 3636 De
364 3574 512 3637 Johanne
539 3576 580 3638 de
607 3577 720 3660 Bowys
743 3597 800 3659 pro
824 3575 873 3661 iij.
890 3575 1040 3658 partibus
1066 3580 1100 3638 et
1123 3573 1369 3656 quadragesima
1390 3573 1483 3652 parte
1507 3567 1596 3630 illius
1613 3567 1657 3629 di.
1675 3565 1697 3628 f.
1714 3565 1749 3625 in

250 3659 513 3740 Conrnruosroa,
530 3663 615 3746 quod
634 3664 814 3727 Willelmus
829 3663 916 3726 filius
932 3661 1080 3746 Philippi
1094 3660 1260 3743 quondam
1276 3659 1388 3722 tenuia
1458 3696 1470 3706 -
1527 3755 1530 3762 Ι
1559 3673 1644 3720 xva.
1660 3649 1748 3737 vid.

296 3799 340 3863 De
355 3800 472 3864 abbate
487 3802 529 3865 de
548 3801 719 3865 Gerondon
735 3823 793 3885 pro
809 3802 854 3864 vt·
874 3807 968 3885 parte
983 3806 1019 3864 et
1034 3800 1081 3862 xl⁸
1102 3806 1195 3884 parte
1211 3797 1350 3861 residuis
1365 3795 1405 3859 de
1419 3795 1531 3858 eodem
1546 3791 1639 3964 (11¹1in
1666 3877 1697 3961 vj
1718 3877 1740 3941 d

294 4026 342 4089 De
357 4025 522 4110 Stephano
537 4028 578 4090 de
594 4028 725 4091 Weston
741 4049 799 4111 pro
813 4027 851 4114 ij
868 4028 1016 4112 partibus
1032 4031 1067 4090 et
1082 4035 1157 4092 xxx*
1178 4029 1272 4107 parte
1289 4023 1378 4086 illius
1393 4027 1508 4106 quarte
1524 4019 1627 4102 partis
1642 4016 1667 4101 j.
1678 4015 1703 4078 f.
1715 4015 1752 4077 in

253 4113 497 4193 Connimcsrou,
514 4136 611 4198 quam
627 4113 793 4179 iohannes
809 4116 896 4179 filius
912 4115 1072 4179 Jobannis
1087 4115 1250 4198 quondam
1267 4111 1376 4174 tenuit
1457 4148 1468 4158 -
1558 4145 1569 4157 -
1658 4125 1751 4190 mas.

295 4250 343 4400 ize
358 4252 475 4400 abtfiate
491 4252 530 4315 de
547 4252 720 4317 Gerondon
736 4274 793 4336 pro
809 4261 925 4337 quarta
941 4258 975 4316 et
990 4254 1155 4316 tricesima
1170 4255 1262 4335 parte
1277 4248 1414 4312 residuis
1428 4245 1469 4308 de
1480 4243 1627 4327 predicta
1637 4245 1755 4342 quarta

254 4356 308 4418 par
326 4360 343 4400 θ
358 4361 368 4423 J
375 4369 1580 4403 ..............
1670 4350 1718 4414 11],
1726 4350 1753 4393 3,

297 4475 345 4538 De
361 4476 381 4538 J
383 4478 509 4540 ohanne
525 4476 640 4562 Bowys
655 4498 712 4560 pro
727 4479 903 4541 medietate
917 4482 952 4540 et
967 4482 1085 4540 octava
1101 4479 1193 4558 parte
1219 4479 1253 4537 et
1278 4469 1526 4554 quadragesima
1551 4473 1642 4550 parte
1665 4466 1756 4567 i.¹.¹.i⁰⁸

255 4562 298 4626 di.
315 4563 337 4627 f.
354 4564 388 4625 in
405 4565 670 4642 Coaruruosron,
687 4565 773 4647 quod
788 4564 929 4628 Thomas
945 4562 1236 4648 Bowysquondam
1252 4559 1360 4622 tenuit
1448 4593 1460 4607 ·
1550 4593 1561 4605 -
1651 4572 1754 4637 imas.

297 4699 344 4764 De
357 4702 472 4765 abbate
487 4702 527 4765 de
543 4701 717 4766 Gerondon
733 4724 791 4786 pro
807 4705 909 4768 tercia
923 4708 1017 4786 parte
1031 4708 1065 4765 et
1080 4701 1128 4764 lx‘
1149 4705 1242 4784 parte
1258 4695 1394 4760 residuis
1408 4693 1448 4756 ds
1465 4690 1579 4755 eodem
1595 4690 1639 4754 di.
1657 4688 1679 4753 f.
1689 4776 1710 4790 ..

1665 4798 1756 4861 vias.

301 4925 349 4988 De
373 4925 522 4989 Johanne
545 4927 613 4988 filio
636 4927 759 4989 Thome
783 4948 840 5009 pro
867 4931 983 5011 quarta
1010 4930 1102 5008 parte
1125 4927 1149 5010 j.
1173 4925 1196 4988 f.
1223 4923 1258 4984 in
1282 4922 1472 4994 Ruunsrou,
1498 4933 1596 4998 quam
1620 4913 1759 4994 ipsemet

259 5013 419 5095 quondam
433 5015 543 5077 tenuit
577 5039 1606 5066 -----------
1693 5020 1756 5064 ns.

300 5149 349 5213 De
365 5151 513 5214 Johanne
528 5151 596 5214 filio
613 5151 767 5215 willelmi
784 5172 840 5234 pro
857 5151 901 5214 di.
918 5150 941 5214 f.
958 5151 993 5211 in
1009 5149 1182 5226 Pnuirran,
1198 5153 1233 5212 et
1256 5146 1470 5219 Noauarrrou,
1493 5143 1527 5202 et
1550 5137 1758 5212 Ronmmom

141 5273 144 5276 ⁴
259 5238 345 5320 quod
362 5239 547 5302 Willelmus
562 5239 648 5301 filius
664 5239 819 5301 Willelmi
835 5236 1000 5319 quondam
1015 5237 1124 5298 tenuit
1173 5263 1587 5286 ·····
1675 5241 1760 5287 lix-8·

258 5374 531 5525 teddeisWfflelmo
548 5374 658 5459 Bygge
674 5396 730 5459 pro
745 5375 769 5459 j.
784 5375 808 5440 f.
825 5377 861 5437 in
878 5375 1086 5450 Snaunronm
1104 5372 1191 5456 quod
1206 5370 1367 5434 Robertus
1380 5364 1429 5499 ’de
1445 5355 1762 5509 clifford-quondam
