4117 6209
889 632 972 699 A.D.
998 636 1094 701 1428.

657 920 878 989 Husnssnurr
903 944 946 1026 ns
968 923 1323 991 WYNTERS'POKE.

283 1050 331 1117 De
345 1056 495 1139 episcopo
511 1056 724 1122 Bathoniensi
740 1066 774 1124 et
789 1059 946 1129 Wellensi
961 1081 1019 1144 pro
1036 1060 1101 1146 xvj.
1117 1061 1139 1125 i.
1155 1066 1190 1123 et
1204 1059 1251 1122 di.
1265 1066 1300 1124 et
1315 1059 1389 1144 iiij‘¹
1411 1062 1502 1141 parte
1518 1079 1574 1124 un.
1591 1056 1739 1135 isichii,
1827 1050 1833 1061 ’

242 1141 319 1221 quia
333 1140 535 1209 decimabile.
568 1148 771 1219 (Cancellcd.)
802 1146 985 1211 Onerantur
1000 1168 1097 1231 super
1111 1152 1300 1230 computum
1311 1148 1351 1209 dc
1362 1146 1458 1230 exj.e.
1471 1144 1581 1232 viij.d.
1597 1146 1735 1223 (added.)

286 1287 335 1351 Dc
356 1288 472 1353 abbate
495 1290 665 1355 Glastonie
690 1313 748 1375 pro
774 1293 855 1378 xiiij.
871 1294 896 1359 i.
914 1300 949 1357 et
962 1293 1007 1358 di.
1032 1315 1094 1377 que
1118 1292 1214 1356 abbas
1239 1293 1408 1357 Glastonie
1429 1292 1592 1376 quondam
1618 1294 1739 1370 tenuit,

242 1374 352 1454 nichil,
388 1398 486 1440 causa
522 1379 677 1461 predicta.
747 1382 948 1459 (Cancellcd.)
1020 1382 1063 1444 Et
1101 1387 1275 1443 onerantur
1319 1401 1415 1463 super
1459 1387 1651 1463 computum
1698 1378 1739 1441 de

242 1460 343 1546 iiijdi.
360 1464 457 1545 xvje.
474 1464 585 1550 viijd.
604 1468 742 1545 (added.)

287 1598 335 1660 De
348 1600 515 1665 Willelmo
531 1601 657 1681 Palton,
670 1603 820 1681 chivaler,
832 1624 889 1687 pro
905 1624 960 1669 nn.
973 1603 997 1670 f.
1009 1625 1056 1669 m.
1069 1606 1103 1668 in
1115 1606 1185 1672 Ean
1196 1604 1405 1670 Hovrncnon
1422 1604 1508 1688 qnod
1520 1601 1684 1667 lohannes
1699 1603 1739 1666 de

242 1684 358 1748 Pallon
387 1688 548 1771 quondam
575 1692 685 1753 tenuit
710 1691 843 1769 ibidem,
871 1692 973 1754 nichil
1000 1693 1052 1754 hic
1077 1695 1155 1775 quia
1184 1703 1339 1755 oneratur
1361 1690 1446 1755 inira
1469 1691 1674 1755 hundredum
1699 1691 1740 1753 de

242 1772 346 1837 Welle
377 1775 536 1839 forinseco
566 1776 625 1839 sub
660 1780 793 1840 nomine
831 1777 974 1861 ejusdem
1006 1779 1163 1845 Willelmi
1194 1779 1323 1843 Palton.
1371 1778 1576 1860 (Cancellcd.)
1622 1778 1740 1861 Super-

243 1866 416 1924 onerantur
431 1862 472 1925 de
488 1864 564 1948 vic.
580 1863 690 1949 viijd.
708 1865 847 1942 (added.)

286 1996 334 2061 Dc
359 1998 510 2067 Jobanne
533 2000 573 2065 de
598 2000 749 2086 Radeney
774 2022 830 2085 pro
854 2001 899 2067 di.
915 2003 938 2067 i.
955 2022 999 2066 m.
1025 2003 1060 2063 in
1090 2000 1208 2066 Dorcas
1235 2000 1320 2085 quod
1346 1999 1502 2064 Ricardus
1529 1999 1570 2064 de
1586 2000 1739 2083 Radeney

242 2087 405 2166 quondam
430 2089 548 2168 tenuit,
573 2088 674 2152 nichil
700 2090 894 2173 respondent
919 2089 971 2152 hic
994 2091 1072 2171 quia
1096 2091 1130 2151 in
1157 2086 1327 2150 hundredo
1353 2088 1500 2171 predicto
1526 2087 1586 2150 sub
1608 2090 1740 2151 nomine

243 2170 386 2337 witigim
418 2174 576 2238 Johannis
605 2176 644 2240 dc
674 2176 836 2260 Radcney.
885 2176 1092 2256 (Cancellcd.)
1138 2174 1421 2258 Superonerantnr
1450 2176 1489 2238 da
1519 2174 1602 2261 iij-³·
1633 2174 1693 2261 iiij.
1706 2176 1739 2242 d.

286 2397 335 2459 De
351 2398 519 2463 Willelmo
534 2398 662 2463 Chount
681 2406 715 2463 ct
730 2399 848 2463 herede
864 2398 1023 2463 Johsnnic
1038 2396 1273 2463 (loundenbam
1290 2418 1347 2481 pro
1365 2398 1393 2481 j.
1408 2396 1432 2463 f.
1448 2400 1481 2462 in
1498 2400 1603 2466 Wurm
1619 2400 1659 2463 de
1674 2400 1741 2462 illis

242 2482 278 2567 ij.
294 2484 316 2549 f.
333 2506 396 2570 que
411 2485 577 2550 Johannes
592 2486 696 2570 Wylre
711 2488 872 2571 quondam
888 2489 1000 2551 tenuit
1014 2490 1048 2549 in
1064 2486 1170 2554 Wrrm
1186 2493 1220 2549 et
1236 2486 1370 2550 Mrmon
1440 2526 1451 2537 -
1539 2487 1614 2569 vj.c.
1631 2486 1739 2573 riijd.

286 2631 332 2693 De
359 2633 467 2716 aliquo
492 2632 679 2716 hujusmodi
708 2634 851 2696 subsidio
876 2634 1009 2696 alterius
1025 2634 1047 2698 f.
1064 2633 1228 2695 dictorum
1244 2632 1279 2717 ij.
1296 2633 1319 2698 f.
1335 2653 1399 2717 que
1414 2631 1560 2715 prefatus
1574 2632 1740 2698 Johannes

243 2718 347 2801 Wylre
371 2721 533 2804 qnondam
559 2722 670 2784 tenuit
692 2722 725 2782 in
753 2720 876 2783 eisdem
902 2720 988 2783 villis
1013 2720 1054 2783 de
1072 2721 1176 2786 Wrrm
1200 2726 1232 2782 st
1261 2719 1394 2785 anon
1410 2740 1473 2783 non
1489 2722 1686 2803 respondent
1700 2743 1739 2785 eo

243 2807 327 2889 quod
343 2807 430 2869 idem
446 2807 470 2873 f.
487 2814 639 2871 oneratur
654 2810 686 2870 in
703 2807 837 2873 Mmron
853 2807 939 2870 infra
954 2807 1160 2870 hundredum
1176 2806 1216 2869 de
1231 2806 1335 2874 Welle
1350 2806 1509 2871 forinseco
1531 2808 1591 2871 sub
1607 2810 1739 2872 nominc

244 2892 379 2976 Agnetis
395 2892 732 2981 Gound[enham]‚et
748 2896 833 2979 quod
848 2896 937 2958 idem
951 2895 1090 2958 alterum
1106 2894 1129 2959 f.
1142 2893 1280 2956 duorum
1295 2894 1318 2959 f.
1335 2894 1553 2977 predictorum
1569 2901 1618 2958 cst
1635 2916 1737 2959 unum

243 2990 276 3041 ct
303 2980 388 3043 idem
417 2982 438 3045 f.
466 2984 550 3066 quod
576 2984 609 3044 in
637 2983 727 3045 dicto
757 2983 924 3046 hundredo
954 2981 994 3044 de
1019 2981 1123 3047 Welle
1154 2982 1312 3043 forinseco
1341 2981 1400 3043 sub
1429 2983 1561 3044 nomine
1590 2983 1736 3065 predicte

243 3068 379 3151 Agnetis
393 3075 546 3132 oneratur
559 3076 594 3131 et
608 3090 670 3131 non
695 3069 870 3147 diversum,
886 3076 925 3133 ut
946 3070 1063 3131 dicunt
1084 3088 1182 3150 super
1203 3073 1440 3131 sacramentum
1465 3090 1571 3134 suum.
1616 3069 1737 3136 Nichil.

246 3156 452 3235 (Cancellcd.)
497 3155 776 3239 Superonerantur
790 3156 831 3220 de
846 3155 888 3241 vj.
898 3180 923 3222 a.
939 3154 1050 3241 viijd.
1070 3154 1207 3234 (added.)

286 3295 335 3357 Dc
351 3295 462 3381 aliquo
477 3294 664 3377 hujusmodi
681 3295 824 3359 subsidio
840 3296 978 3358 duorum
993 3293 1017 3359 f.
1034 3317 1079 3360 m.
1095 3316 1156 3380 que
1177 3294 1344 3358 Galfridus
1359 3296 1399 3359 de
1415 3295 1546 3361 Stawcll
1571 3299 1736 3381 quondam

244 3384 354 3445 tenuit
377 3384 412 3444 in
439 3382 607 3449 Serimon
631 3389 665 3445 ct
680 3384 880 3449 Passennus
896 3403 960 3445 non
975 3384 1174 3466 respondent
1189 3402 1226 3444 eo
1241 3384 1325 3467 quod
1341 3383 1452 3446 eedem
1470 3384 1493 3449 f.
1510 3393 1688 3449 onerantur
1702 3390 1736 3450 in

244 3468 420 3532 hundredis
448 3470 489 3531 de
518 3468 693 3553 Whytston
725 3481 760 3533 ct
789 3470 892 3536 Wclle
919 3470 1087 3545 lorinseco‚
1117 3468 1271 3533 videlicet
1308 3489 1411 3532 unum
1440 3473 1616 3534 eorundem
1648 3474 1670 3538 f.
1701 3475 1736 3537 in

245 3556 411 3623 Sracerorr
428 3556 513 3619 inira
528 3555 733 3621 hundredum
750 3558 790 3620 de
805 3556 977 3623 Whetston
993 3557 1052 3619 sub
1066 3557 1198 3617 nomina
1212 3555 1334 3619 Thomc
1349 3556 1489 3636 Stawen,
1506 3566 1541 3621 et
1555 3559 1696 3623 alterum
1712 3560 1735 3631 f,

244 3645 464 3725 predictorum
489 3650 642 3708 oneratur
671 3644 705 3706 in
737 3645 910 3709 Pacemne
939 3644 1024 3705 infra
1054 3642 1260 3705 hundredum
1290 3644 1330 3706 de
1355 3643 1460 3710 Welle
1490 3646 1647 3709 forinseco
1677 3648 1737 3711 sub

242 3733 373 3794 nomine
387 3730 534 3814 ejusdem
551 3730 674 3794 Thomc
690 3732 830 3807 Stanecli,
842 3740 877 3794 ct
891 3730 1001 3794 eadem
1017 3730 1054 3815 ij.
1064 3729 1086 3795 i.
1096 3729 1243 3813 predicta
1258 3736 1334 3793 sunt
1349 3750 1452 3794 unum
1469 3738 1503 3794 et
1518 3733 1606 3795 idem
1623 3741 1657 3796 et
1671 3756 1733 3799 non

241 3817 378 3893 diversa,
415 3825 454 3880 ut
492 3818 606 3881 dicunt
642 3839 739 3901 super
775 3823 1012 3881 sacramentum
1045 3837 1151 3881 suum.
1196 3816 1316 3883 Nichil.
1364 3821 1568 3901 (Cancellcd.)
1615 3820 1734 3905 Super-

244 3912 418 3968 onerantur
434 3904 473 3967 de
489 3905 590 3991 xiiia.
606 3904 667 3990 iiij.
677 3903 709 3970 d.
727 3903 865 3987 (added.)

285 4040 333 4103 De
348 4039 497 4103 Johanne
513 4040 634 4107 Waifer
648 4060 705 4124 pro
719 4042 743 4126 j.
759 4040 783 4107 f.
798 4062 842 4106 m.
858 4042 891 4102 in
907 4041 1142 4106 Mennssuacn
1157 4039 1243 4123 quod
1258 4036 1449 4121 Radulphns
1471 4039 1511 4102 de
1526 4041 1735 4129 Melesburgh

241 4128 402 4211 quondam
429 4132 535 4191 tenuit
562 4127 698 4208 ibidem,
713 4148 777 4191 non
805 4129 998 4211 respondent
1013 4127 1066 4191 hic
1081 4128 1158 4211 quia
1172 4128 1206 4189 in
1222 4123 1391 4188 hundredo
1405 4128 1446 4189 de
1462 4129 1564 4194 Welle
1578 4130 1735 4197 forinseco

240 4215 446 4381 {ppdpprpine
462 4214 607 4299 ejusdem
623 4213 921 4281 JohannicWailer.
948 4212 1151 4294 (Cancelled.)
1183 4212 1464 4295 Superonerantur
1478 4215 1516 4277 de
1533 4218 1608 4303 vj.a.
1625 4220 1733 4306 viij.d.

285 4438 334 4500 De
351 4437 498 4500 Jchanne
515 4437 670 4500 Stourton
685 4459 742 4520 pro
756 4438 802 4503 di.
819 4438 842 4502 f.
859 4459 903 4504 m.
916 4441 950 4501 in
963 4438 1200 4504 Wannasnncn
1215 4443 1247 4500 et
1263 4436 1426 4501 Earwnnn
1441 4437 1526 4521 quod
1538 4440 1734 4507 Walrondus

238 4525 280 4588 de
296 4523 481 4607 Welyslegh
498 4525 659 4606 quondam
683 4527 791 4588 tenuit
813 4525 945 4603 ibidem,
963 4526 1064 4587 nichil
1079 4522 1272 4606 respondent
1291 4521 1344 4585 hic
1359 4526 1436 4605 quia
1451 4527 1485 4585 in
1503 4524 1668 4590 hundredo
1692 4531 1733 4594 de

240 4612 360 4679 Welles
374 4612 433 4674 sub
449 4612 579 4673 nomine
595 4610 739 4694 ejusdem
755 4612 913 4676 Johannis
929 4616 1094 4677 Stourton.
1139 4611 1347 4688 (Cancellcd.)
1395 4609 1672 4692 Superoneranlur
1692 4618 1733 4681 de

240 4699 323 4784 iiie.
340 4696 441 4782 iiijd.
458 4699 596 4776 (added.)

285 4836 332 4898 De
347 4835 462 4897 abbate
479 4835 590 4898 Sancti
607 4836 783 4914 Augustini
799 4842 834 4898 et
849 4834 962 4898 herede
979 4835 1110 4898 Roberti
1131 4834 1223 4899 Warr
1237 4853 1295 4914 pro
1310 4834 1354 4898 di.
1371 4834 1393 4895 f.
1409 4856 1454 4897 m.
1470 4836 1503 4895 in
1521 4836 1683 4905 Roaeaim
1699 4848 1733 4904 et

241 4924 359 4988 Basca
374 4922 458 5006 quod
473 4921 571 4985 abbae
595 4922 707 4985 Sancti
723 4924 898 5005 Augustini
922 4934 955 4984 et
983 4921 1075 4984 heres
1102 4921 1235 4983 Roberti
1252 4921 1343 4986 Warr
1367 4921 1529 5003 quondam
1547 4932 1734 5005 tenuerunt,

240 5030 298 5092 pro
325 5021 417 5092 parte
443 5008 586 5091 ejusdem
612 5009 656 5072 di.
672 5010 694 5073 l.
711 5030 768 5093 pro
791 5011 938 5091 predicto
964 5008 1079 5071 abbate
1105 5008 1205 5070 nichil
1230 5007 1282 5069 hic
1299 5010 1376 5091 qnia
1390 5009 1592 5091 decimabile,
1610 5019 1661 5074 set
1675 5036 1733 5097 pro

242 5104 331 5179 parte
348 5096 493 5182 ejusdem
510 5097 554 5159 di.
570 5096 593 5162 i.
611 5117 668 5179 pro
684 5097 836 5179 predictis
852 5095 1022 5160 heredibus
1038 5096 1175 5177 predicti
1191 5094 1325 5157 Roberti
1435 5135 1446 5145 -
1538 5135 1548 5146 -
1637 5100 1729 5167 m,

244 5186 337 5262 (Puri
351 5184 530 5265 cac-cellcd.)
576 5183 854 5267 Superoneranbur
868 5183 909 5245 de
924 5204 974 5247 xx.
983 5181 1015 5245 d.
1036 5182 1175 5261 (added.)

282 5334 331 5399 Dc
355 5332 505 5398 Johanna
529 5332 636 5397 Brcck
659 5356 716 5419 pro
740 5333 804 5421 iiij·
825 5339 920 5417 parte
936 5355 992 5400 un.
1008 5333 1033 5399 f.
1049 5354 1095 5397 m.
1111 5334 1146 5395 in
1163 5330 1279 5398 Gnnsn
1293 5331 1378 5415 quod
1394 5329 1560 5395 Johannes
1574 5333 1614 5397 de
1629 5338 1733 5402 Acton

240 5422 402 5504 quondam
418 5422 527 5486 tenuit
542 5421 666 5484 ibidem
730 5457 1551 5473 ·········
1639 5444 1690 5490 xx.
1699 5424 1731 5487 d.
