4117 6209
905 638 985 707 ΑΙ).
1010 645 1105 708 1346.
1689 647 1749 708 llo

295 929 341 992 De
364 929 537 994 Edmundo
562 932 603 996 de
629 932 788 1016 Pirpount
814 954 870 1017 pro
896 935 998 998 tercia
1022 939 1115 1018 perte
1144 934 1169 1020 j.
1196 933 1218 1000 f.
1245 935 1279 998 in
1305 936 1430 1012 eadem,
1457 955 1554 1020 quam
1580 937 1686 999 Anora
1709 936 1748 998 de

252 1015 410 1100 Pirpount
424 1019 587 1102 quondam
603 1022 711 1084 tenuit
814 1061 1434 1074 ·······
1522 1022 1625 1109 xiij.s.
1641 1021 1744 1110 iiij.d.

294 1155 341 1219 De
355 1155 504 1222 Johanne
518 1158 559 1222 de
570 1158 658 1222 Vsus
673 1180 730 1243 pro
744 1165 860 1244 quarta
875 1164 966 1243 parte
981 1161 1006 1246 j
1016 1159 1040 1225 f.
1051 1161 1087 1223 in
1103 1160 1231 1239 Corum,
1241 1181 1340 1244 quam
1356 1159 1522 1226 Johannes
1537 1161 1576 1224 de
1587 1161 1747 1238 Vallibus,

252 1248 431 1307 antecessor
443 1266 531 1326 suus,
548 1247 710 1330 qnondam
725 1249 835 1311 tenuit
871 1288 883 1298 -
973 1289 983 1299 -
1035 1263 1037 1266 ’
1074 1284 1592 1300 ------
1681 1271 1744 1314 aa.

295 1379 342 1444 De
355 1381 481 1446 Thoma
495 1383 536 1446 de
550 1384 687 1469 Meryng
702 1406 760 1467 pro
775 1389 886 1448 octava
900 1389 993 1469 parte
1007 1385 1032 1471 j.
1046 1385 1069 1450 f.
1081 1386 1116 1447 in
1132 1384 1256 1464 eadem,
1266 1406 1364 1470 quam
1380 1385 1539 1450 Robertus
1553 1386 1594 1449 de
1609 1385 1748 1470 Meryng

251 1468 412 1550 quondam
428 1471 535 1534 tenuit
572 1508 1596 1525 -----------
1685 1495 1747 1538 v.a.

295 1606 338 1668 Et
362 1626 426 1669 non
449 1609 646 1690 respondent
669 1611 709 1672 de
732 1611 808 1677 xla.
833 1629 891 1694 pro
913 1609 938 1694 j.
955 1610 977 1672 f.
993 1631 1039 1676 m.
1068 1611 1102 1673 in
1126 1610 1342 1688 Camenam,
1369 1611 1454 1695 quod
1469 1610 1566 1674 abbas
1581 1610 1622 1674 de
1638 1609 1749 1693 Burgo

253 1695 413 1777 quondam
441 1697 560 1775 tenuit,
575 1718 632 1780 per
655 1697 741 1779 quod
766 1697 864 1761 abbas
887 1698 1036 1783 ejusdem
1061 1697 1123 1761 loci
1149 1718 1236 1761 nunc
1259 1702 1351 1762 tenet
1365 1719 1423 1781 per
1438 1698 1530 1762 breve
1546 1699 1642 1782 regns,
1657 1699 1749 1782 cujus

252 1783 482 1865 transcriptum
496 1784 696 1848 attachiatur
709 1784 786 1848 huic
802 1785 906 1848 rotulo
921 1786 962 1848 de
977 1785 1158 1869 particulis.

295 1915 342 1978 De
369 1917 510 1980 Henrico
535 1918 576 1979 de
600 1917 706 2000 Gany,
719 1916 867 1981 Johanne
881 1917 1095 2000 Mountemy,
1111 1922 1145 1981 et
1166 1917 1265 1981 Petro
1280 1917 1321 1980 de
1338 1917 1563 2001 Wydmerpole
1578 1937 1636 1999 pro
1652 1916 1751 1979 tercia

255 2013 344 2085 parte
359 2004 383 2089 j.
400 2003 424 2069 f.
441 2007 475 2066 in
494 2005 590 2082 Snon3
606 2025 703 2089 quam
720 2005 857 2068 Isabella
872 2005 913 2069 de
929 2003 1024 2088 Gany
1038 2004 1203 2088 quondam
1218 2005 1328 2068 tenuit
1431 2044 1441 2055 -
1530 2003 1631 2089 xiijm.
1648 2003 1748 2088 iiijn.

296 2141 344 2204 De
360 2140 508 2205 Johanne
525 2143 628 2227 Bussy
643 2149 677 2207 et
692 2144 879 2207 tenentibus
894 2144 961 2207 suis
976 2164 1035 2226 pro
1050 2147 1162 2206 octava
1177 2147 1269 2226 parte
1294 2143 1319 2229 j.
1337 2143 1360 2206 f.
1383 2142 1417 2206 in
1433 2143 1606 2208 Bmssron
1626 2143 1751 2221 (racana

254 2228 455 2308 Eusenos),
470 2251 567 2314 quam
584 2231 681 2315 Hugo
697 2232 737 2296 de
753 2230 855 2314 Bussy
871 2231 1034 2316 quondam
1050 2231 1161 2294 tenuit
1182 2269 1598 2282 -----
1686 2250 1749 2292 aa.

295 2367 344 2429 De
360 2367 508 2432 Jobanne
522 2369 563 2432 de
580 2369 682 2454 Bussy
697 2390 755 2452 pro
770 2371 827 2455 vj2·
849 2376 941 2453 parte
955 2369 981 2453 j.
997 2367 1021 2433 f.
1038 2368 1073 2432 in
1088 2369 1265 2436 Ernnsnon
1281 2373 1316 2433 et
1333 2369 1514 2446 Sransnorr,
1536 2387 1632 2451 quam
1653 2367 1753 2452 Hugo

253 2455 745 2540 deBussyquondamtenuit·
835 2496 846 2507 ·
936 2496 947 2507 ·
1039 2497 1050 2506 ·
1141 2497 1151 2508 -
1243 2496 1255 2507 ·
1446 2496 1457 2506 -
1546 2453 1751 2540 vj.s.viij.d.

295 2593 343 2658 De
368 2594 517 2658 Johanne
541 2595 581 2658 de
606 2595 723 2658 Sutton
750 2614 808 2679 pro
830 2600 945 2678 quarta
968 2598 1062 2678 parte
1083 2594 1108 2680 j.
1126 2595 1149 2661 f.
1173 2595 1208 2657 in
1227 2594 1407 2675 Sransrorr,
1423 2614 1522 2678 quam
1538 2594 1697 2657 Robertus
1712 2594 1752 2656 de

253 2680 394 2744 Musters
409 2683 572 2764 quondam
587 2682 696 2745 tenuit
771 2721 1597 2734 ---------
1687 2702 1716 2745 x.
1725 2705 1750 2745 s.

296 2819 345 2884 De
372 2819 504 2882 Simone
530 2819 571 2882 de
598 2819 751 2902 Sibthorp
774 2839 832 2903 pro
846 2824 962 2902 quarta
987 2823 1080 2902 parte
1095 2817 1120 2903 j.
1136 2817 1161 2884 f.
1177 2818 1212 2882 in
1231 2818 1408 2896 S1annoae,
1423 2838 1521 2903 quam
1536 2818 1623 2882 idem
1639 2816 1753 2880 Simon

254 2908 416 2989 quondam
432 2908 542 2970 tenuit
573 2941 1602 2957 -----------
1690 2928 1752 2970 ras.

296 3043 343 3105 De
367 3041 531 3127 Stephano
553 3042 682 3126 Waleys
706 3064 763 3127 pro
788 3047 902 3106 octava
925 3048 1017 3127 parte
1045 3042 1067 3108 f.
1082 3043 1107 3130 J'.
1124 3065 1169 3109 m.
1196 3043 1230 3106 in
1253 3043 1431 3121 SmnaonP,
1456 3063 1553 3128 quam
1570 3041 1754 3124 Stephanus

255 3130 383 3209 Waleis‚
397 3152 476 3194 avus
491 3152 579 3209 suus,
593 3131 757 3215 quondam
773 3132 882 3195 tenuit

296 3269 344 3332 De
369 3269 517 3333 Johanne
541 3268 706 3347 Chaluers,
732 3267 880 3333 Johanne
904 3269 1066 3354 Bedewyn
1090 3275 1125 3333 et
1148 3268 1298 3332 Johanne
1324 3268 1364 3332 de
1392 3266 1544 3332 Schelton
1575 3289 1631 3351 pro
1655 3272 1755 3332 tercia

253 3364 344 3439 parte
358 3357 383 3442 j.
400 3357 423 3421 f.
440 3359 475 3419 in
492 3357 676 3436 Scammos,
693 3377 791 3442 quam
807 3355 968 3420 Robertus
981 3356 1021 3420 de
1037 3355 1176 3440 Olyfford
1192 3357 1355 3439 quondam
1371 3357 1479 3420 tenuit
1532 3356 1634 3440 xiijo.
1651 3356 1753 3442 iiija.

296 3495 344 3558 De
359 3495 500 3559 Roberto
515 3497 555 3558 de
570 3495 731 3579 Gumpton
748 3516 807 3578 pro
822 3495 867 3560 di.
885 3497 908 3560 f.
924 3496 959 3558 in
976 3496 1134 3573 Hownorr,
1149 3494 1235 3579 qnod
1249 3494 1409 3558 Robertns
1424 3494 1464 3558 de
1479 3493 1756 3579 Cumpton,pater

255 3602 341 3659 suus,
356 3585 518 3668 quondam
532 3585 641 3646 tenuit
654 3621 1579 3634 ----------
1669 3605 1719 3647 xx.
1729 3607 1754 3648 a.

296 3721 344 3784 De
360 3722 508 3785 Galfrido
523 3721 564 3784 de
580 3721 744 3786 Staunton
758 3743 817 3807 pro
832 3723 933 3786 tercia
947 3725 1040 3805 parte
1065 3722 1090 3806 j.
1107 3721 1132 3786 f.
1149 3721 1184 3783 in
1202 3720 1387 3800 Sraurarorr,
1403 3740 1500 3804 quam
1516 3719 1700 3784 Willelmus
1716 3722 1756 3786 de

254 3809 420 3872 Staunton
434 3810 597 3892 quondam
612 3811 722 3874 tenuit
1529 3807 1633 3894 xiij.a.
1649 3809 1710 3894 iiij.
1720 3809 1753 3874 cl.

297 3948 344 4010 De
362 3947 523 4010 Willelmo
546 3947 663 4031 Moryn
689 3967 747 4031 pro
762 3948 821 4033 vj‘·
842 3950 933 4030 parte
959 3947 984 4032 j.
998 3945 1022 4012 f.
1048 3948 1081 4008 in
1106 3947 1310 4023 Kromnos,
1325 3967 1423 4031 quam
1438 3945 1623 4010 Willelmus
1639 3947 1756 4030 Moryn

255 4037 417 4120 quondam
432 4037 541 4098 tenuit
635 4075 646 4086 ·
737 4075 748 4086 -
1449 4074 1460 4085 ·
1550 4035 1627 4119 vj.s.
1644 4033 1754 4121 viija.

298 4174 346 4237 De
361 4175 485 4236 Thoma
500 4173 619 4251 Nevill,
637 4172 774 4256 Ricardo
789 4173 829 4235 de
840 4171 1041 4258 Wylughby,
1052 4179 1085 4234 et
1101 4170 1268 4235 Willelmo
1283 4170 1383 4254 Pero)⁷
1398 4192 1455 4255 pro
1471 4173 1571 4235 tercia
1586 4177 1678 4255 parte
1692 4173 1716 4258 j
1731 4173 1754 4237 f.

252 4263 287 4325 in
302 4263 470 4341 Bmmnnr,
485 4281 583 4344 quam
598 4260 779 4324 Alexander
794 4260 836 4322 de
850 4259 951 4345 Percy
967 4265 1002 4322 et
1020 4259 1204 4323 Willelmua
1220 4258 1320 4322 Hawe
1335 4260 1498 4344 qnondam
1514 4265 1754 4432 tingegnffijmd

296 4486 343 4550 De
358 4486 505 4550 Galfrido
521 4486 562 4549 de
577 4485 741 4548 staunton
755 4505 813 4568 pro
835 4488 927 4548 sexta
949 4490 1041 4568 parte
1066 4485 1091 4570 j.
1108 4482 1131 4547 f.
1148 4485 1182 4547 in
1200 4483 1389 4560 Eremmon,
1405 4502 1503 4564 quam
1519 4482 1702 4547 Willelmus
1717 4486 1756 4546 de

254 4574 596 4658 Stauntonquondam
611 4573 747 4636 tenuit·
838 4611 850 4622 -
941 4612 951 4623 ·
1045 4611 1055 4620 -
1145 4611 1156 4622 -
1450 4610 1460 4621 ·
1550 4571 1626 4655 vja.
1643 4569 1754 4656 viija

453 4754 475 4819 S
623 4709 830 4773 denariorum
839 4705 1024 4811 :fniiijdsss
1041 4707 1165 4811 aviija.
1182 4705 1284 4793 iiij.d.
1451 4792 1459 4808 .

623 4797 791 4861 feodorum
801 4817 913 4882 :—er.
928 4797 966 4873 f.,
979 4804 1085 4859 tercra
1099 4815 1171 4879 pars
1187 4803 1222 4858 et
1236 4801 1309 4859 octo
1325 4798 1433 4878 partes
1447 4815 1471 4878 J.
1484 4793 1507 4858 f.
1524 4815 1570 4860 nn.

297 4936 346 5000 De
360 4956 457 4999 onero
475 4937 542 5015 (ais)
561 4954 656 5018 super
671 4937 859 5017 compotum
875 4953 932 5015 per
948 4931 1134 4996 evidencias
1150 4931 1343 4996 releviornm
1368 4951 1472 5014 nuper
1496 4932 1538 4996 ad
1562 4933 1756 4995 scaccarium

254 5031 456 5087 oneratorum
474 5023 514 5086 de
529 5021 730 5105 temporibus
744 5021 943 5084 diversorum
958 5039 1087 5103 regum.

296 5161 344 5224 De
360 5162 545 5224 tenencibus
560 5161 585 5245 j.
601 5159 625 5224 f.
642 5161 676 5221 in
693 5158 862 5236 Toxrono,
876 5155 963 5238 quod
978 5155 1140 5219 Robertus
1155 5156 1196 5218 de
1213 5156 1374 5220 Lexinton
1389 5156 1553 5240 quondam
1570 5155 1688 5231 tenuit,
1700 5177 1755 5237 pro

253 5249 278 5334 j.
296 5249 339 5314 di.
356 5249 376 5312 f.
391 5254 522 5311 onerato
537 5266 635 5330 super
649 5254 837 5328 compotum
853 5263 909 5327 per
925 5241 1110 5306 evidenciaa
1126 5243 1288 5326 predictas
1303 5243 1390 5306 ultra
1404 5242 1488 5305 illud
1503 5243 1549 5307 di.
1561 5241 1584 5306 f.
1595 5244 1631 5305 in
1645 5242 1755 5304 eadem

256 5335 334 5399 villa
349 5335 388 5398 de
403 5336 572 5410 romono,
587 5334 673 5418 quod
687 5332 826 5396 Thomas
840 5331 882 5394 de
897 5329 1102 5413 Lungvilers,
1125 5327 1265 5392 Thomas
1280 5330 1321 5393 de
1337 5327 1522 5414 Bekeryng‚
1543 5335 1579 5394 ab
1593 5326 1756 5391 Johannes

254 5422 364 5487 Fauna
380 5429 495 5487 tenent
509 5423 544 5484 in
559 5421 673 5483 eadem
688 5418 766 5482 villa
861 5454 1583 5468 ········
1672 5435 1756 5479 xxa.
