4117 6209
922 651 1174 720 SOMERSET.

706 943 927 1010 Huuunnuuu
951 965 994 1008 un
1019 943 1376 1011 HUNDESBERGE.

331 1075 542 1141 Verediotum
569 1077 731 1142 hundredi
754 1081 795 1142 de
825 1078 1071 1166 Hundesbergh.
1116 1081 1259 1144 Thomas
1287 1080 1384 1144 dela
1409 1080 1727 1159 Forde,Willelmus
1753 1082 1794 1145 de

289 1164 466 1244 Estafelde,
499 1165 653 1229 Julianus
684 1168 723 1230 de
755 1165 962 1252 Cybelbergh,
993 1167 1154 1231 Radulfus
1183 1168 1224 1231 de
1263 1167 1441 1248 liemcule,
1475 1168 1632 1232 Ricardus
1663 1169 1796 1252 Miryet,

291 1253 450 1315 Henricus
486 1254 526 1315 de
560 1253 770 1336 Hylecombe,
800 1254 985 1321 Willelmus
1015 1256 1057 1317 de
1089 1255 1310 1338 Hardiugtou,
1339 1256 1502 1322 Walterus
1531 1256 1572 1319 de
1609 1255 1796 1331 Bradwode,

293 1341 451 1403 Hauricus
468 1339 695 1418 Blauucheval,
710 1341 868 1404 Johannis
887 1342 1080 1425 Bolepeuue,
1098 1342 1255 1406 Ricardua
1271 1341 1467 1426 Chapelayn,
1482 1349 1517 1406 et
1533 1344 1639 1407 Lucas
1653 1343 1796 1420 Tebaud,

291 1427 462 1513 juratores.

334 1725 458 1790 Dicunt
474 1726 622 1810 quodr-

334 1863 424 1925 Prior
439 1863 563 1926 Monlis
579 1864 675 1926 Acuti
692 1867 785 1927 tenet
799 1863 910 1928 villam
927 1865 968 1929 de
985 1867 1141 1933 Cruuoos
1155 1867 1365 1932 Moueconuu
1392 1887 1412 1929 a
1435 1866 1570 1930 domino
1594 1887 1669 1948 rege
1689 1868 1745 1933 i.c.
1762 1869 1797 1930 in

291 1957 479 2034 perpetuam
494 1952 715 2028 elemosinam,
731 1956 764 2013 et
780 1970 843 2013 non
859 1959 909 2014 eat
922 1953 1110 2036 guldabilis.

334 2085 500 2150 Johauuea
515 2087 555 2150 de
572 2087 703 2150 Urtiaco
718 2091 810 2150 leuet
822 2088 934 2150 villam
950 2089 990 2150 de
1001 2089 1137 2156 Pnnnnr
1152 2089 1192 2152 de
1208 2089 1352 2154 Henrico
1367 2090 1408 2152 de
1424 2089 1572 2168 Urciaco,
1583 2098 1619 2154 et
1634 2092 1798 2155 Hauricue

290 2176 329 2237 de
354 2175 487 2236 Urtia'oo
510 2175 654 2238 tenetde
679 2175 810 2238 domiuo
834 2195 908 2260 rege
923 2178 978 2240 i.c.
995 2181 1152 2261 tauquam
1169 2179 1392 2260 pertinentem
1407 2177 1448 2240 ad
1466 2178 1632 2242 baroniam
1648 2199 1739 2242 suam
1755 2181 1797 2242 de

292 2260 518 2412 ἓιὲξεῐὶίἰέἔῒοη,
532 2267 563 2324 et
580 2282 644 2325 nou
661 2266 711 2324 est
725 2262 899 2346 guldabilis
914 2270 964 2326 set
987 2263 1045 2326 dat
1067 2265 1144 2350 ij.d.
1168 2265 1344 2328 annualem
1367 2265 1534 2328 redditum
1556 2265 1644 2329 dicto
1665 2267 1797 2330 domino

333 2486 456 2549 Alanus
479 2485 520 2548 de
547 2485 707 2550 Plokenet
732 2491 825 2550 tanei
841 2486 989 2550 villatam
1016 2488 1057 2551 da
1085 2487 1285 2559 Hasuuuuuu
1308 2486 1349 2551 de
1374 2487 1460 2550 dono
1486 2488 1612 2551 domini
1638 2491 1724 2575 regis
1738 2510 1797 2573 pro

290 2573 314 2637 f.
331 2593 387 2638 un.
403 2593 448 2638 m.
465 2578 498 2636 et
514 2578 565 2636 eal
579 2574 762 2658 guldabilie.

334 2713 517 2779 Willelmus
546 2712 691 2775 dealba
720 2712 810 2774 Mara
837 2716 932 2774 tenet
955 2711 1098 2776 annu
1125 2710 1290 2775 Cruuocx
1316 2712 1358 2773 ds
1380 2711 1500 2773 honore
1526 2711 1568 2774 de
1590 2711 1715 2777 Achille
1739 2735 1796 2797 pro

292 2807 405 2886 quarta
420 2809 511 2883 parte
525 2818 581 2862 un.
597 2799 619 2860 i.
636 2803 671 2861 el
687 2805 736 2860 eet
753 2797 939 2882 guldabilis.

335 2939 500 3087 &heinrice
526 2937 656 3019 Pipard,
671 2936 758 2998 lilius
782 2934 910 2998 Radulfi
934 2934 1067 3017 Pipard,
1084 2939 1177 2999 tenet
1191 2934 1292 3001 Wrsr
1317 2933 1479 2997 cmuocr
1505 2954 1562 3018 pro
1577 2955 1634 3000 un.
1650 2935 1674 3000 f.
1690 2943 1723 3000 et
1747 2942 1796 2999 est

290 3047 332 3108 gu
369 3047 389 3088 a
437 3046 474 3088 rs.

336 3162 491 3224 Ricardns
517 3160 557 3222 de
580 3159 745 3223 Pevanese
771 3165 862 3225 tenet
880 3161 992 3225 villam
1017 3162 1059 3226 de
1083 3161 1307 3230 (irmeneus
1334 3163 1369 3224 in
1393 3161 1527 3224 baronia
1553 3182 1610 3245 per
1625 3162 1796 3227 Isaballam

291 3250 332 3313 de
357 3250 388 3310 la
413 3247 519 3330 Haye,
536 3266 670 3310 uxorem
696 3248 801 3330 ipsine
824 3248 968 3327 Ricardi,
992 3271 1055 3334 que
1078 3255 1129 3313 est
1155 3247 1250 3313 heres
1274 3249 1363 3314 dicte
1389 3249 1522 3314 baronis
1546 3270 1603 3332 per
1624 3252 1796 3314 servicium

293 3357 347 3400 un.
364 3356 410 3406 m.
427 3338 461 3397 et
476 3341 527 3398 est
540 3334 727 3417 guldabilis.

335 3471 440 3536 Abbas
456 3471 629 3537 Glastonie
644 3479 735 3537 tenet
751 3474 861 3540 villam
877 3475 918 3539 de
932 3475 1077 3540 Nounou
1091 3474 1131 3539 de
1145 3474 1381 3538 valletortibus
1395 3473 1541 3538 Devonie
1556 3476 1591 3538 in
1603 3480 1797 3559 perpetuam

291 3560 514 3638 elemosinam,
528 3565 562 3624 et
577 3567 628 3624 eal·-
642 3560 829 3644 guldabilis.

336 3698 521 3764 Willelmus
535 3698 577 3762 de
593 3698 725 3762 Mortuo
740 3699 838 3777 Mari,
853 3699 1017 3766 ‚Iohannes
1032 3700 1073 3762 de
1088 3698 1280 3782 Hasliuges,
1294 3702 1328 3762 et
1344 3697 1520 3761 Mileseuta
1534 3700 1575 3762 de
1591 3699 1705 3762 Monte
1721 3700 1798 3762 Alto

293 3792 407 3850 tenent
422 3785 534 3850 villam
561 3786 603 3849 de
630 3786 816 3850 Onuoeuuu
839 3789 874 3851 in
901 3787 1035 3850 baronia
1060 3806 1118 3871 pro
1143 3784 1167 3851 f.
1182 3786 1207 3871 j.
1222 3807 1268 3852 ru.
1290 3791 1327 3850 et
1349 3790 1400 3848 est
1424 3785 1613 3870 guldabilis,
1636 3791 1672 3849 et
1697 3787 1797 3850 nichil

294 3875 401 3936 sciunt
419 3874 458 3936 de
472 3878 560 3936 stam
578 3879 717 3938 mutato.

731 4201 953 4268 Huuunnouu
976 4221 1020 4266 un
1043 4199 1367 4269 ΗΟΒΕΤΗΟΒΝΕ.

338 4339 498 4404 Henricus
524 4339 565 4402 de
590 4337 789 4406 Wolhanton
816 4341 909 4402 tenet
933 4339 1070 4402 terciam
1098 4343 1224 4421 partem
1250 4338 1329 4401 ville
1355 4337 1395 4399 de
1420 4336 1557 4400 Tama
1572 4337 1612 4400 de
1628 4338 1800 4402 heredibus

295 4428 414 4512 Rogeri
428 4426 469 4489 de
484 4425 617 4488 Mortuo
632 4425 664 4486 M
669 4426 728 4503 ari,
744 4431 778 4488 at
793 4426 894 4496 iidem
911 4423 1049 4490 heredes
1064 4426 1106 4489 de
1120 4446 1207 4510 rege,
1222 4430 1273 4489 set
1287 4445 1352 4486 non
1366 4423 1406 4486 fir
1420 4426 1558 4506 mencio,
1574 4429 1635 4489 etc.

339 4568 442 4648 Aymo
465 4562 505 4625 de
529 4563 560 4624 la
582 4562 674 4625 More
696 4566 789 4626 renel
803 4563 939 4626 terciam
954 4569 1082 4646 partem
1097 4561 1246 4646 ejusdem
1262 4561 1339 4625 ville
1353 4562 1395 4625 de
1409 4562 1530 4625 comite
1545 4561 1752 4641 Harefordie,
1767 4571 1800 4625 et

294 4673 401 4716 comes
416 4651 456 4713 de
472 4669 559 4733 rege,
575 4656 626 4712 set
642 4669 704 4712 uon
720 4649 756 4712 fir
772 4651 913 4730 mencio,
927 4658 989 4716 etc.

339 4789 431 4851 Prior
457 4786 498 4850 de
522 4785 695 4870 Stodeleye
729 4791 820 4852 tenet
852 4789 987 4853 terciam
1017 4790 1142 4870 partem
1173 4785 1319 4872 ejusdem
1344 4784 1423 4848 ville
1453 4787 1487 4848 in
1517 4785 1730 4852 elemosinam
1760 4790 1801 4853 <le

294 4872 662 5027 ffgffliil'ugfflfflelmi
700 4875 740 4939 dc
777 4873 963 4959 Cantilupo,
1001 4883 1037 4939 et
1073 4874 1176 4937 iidem
1213 4871 1348 4937 heredes
1383 4871 1424 4936 de
1460 4893 1547 4959 rege,
1579 4879 1630 4939 set
1667 4896 1731 4940 nou
1762 4877 1802 4940 fle

338 5099 482 5163 Heredes
507 5097 666 5168 Johannie
692 5100 733 5163 de
760 5099 854 5163 Bello
878 5099 998 5184 Campo
1022 5103 1135 5165 tenant
1160 5099 1273 5162 villam
1288 5097 1329 5162 de
1345 5095 1507 5164 umcros
1527 5099 1569 5163 de
1584 5118 1661 5183 rege
1674 5101 1729 5167 i.c.
1744 5121 1801 5184 per

294 5188 471 5266 baroniam,
487 5194 614 5253 estnon
630 5187 669 5250 fir
683 5189 820 5267 mencio,
837 5193 900 5254 etc.

338 5325 522 5392 Willelmne
537 5322 627 5405 Payn
643 5329 736 5388 tenet
753 5324 864 5388 villum
881 5325 922 5389 de
939 5326 1115 5394 Sruuronu
1130 5325 1171 5388 de
1186 5323 1342 5387 Ansolmo
1357 5323 1398 5386 de
1412 5321 1556 5409 Guruay,
1578 5329 1611 5387 et
1631 5323 1803 5392 Auselmus

293 5415 335 5476 de
350 5413 477 5476 Olivero
491 5411 531 5474 de
548 5409 698 5487 Dianam,
717 5417 751 5472 et
767 5412 853 5474 idem
874 5411 1020 5478 Olivrrus
1036 5415 1076 5477 de
1090 5433 1178 5495 rege.
