4117 6209
291 581 334 656 88
819 575 1266 643 NORTHUMBERLAND.

337 864 505 928 Gilbertus
530 864 705 927 Lancastre
731 867 766 926 et
779 863 896 942 silicia,
910 882 991 926 uxor
1013 862 1096 946 ejus,
1110 862 1214 927 scisiti
1238 867 1302 928 eto.
1328 867 1366 926 ut
1381 860 1422 926 de
1437 861 1539 924 libero
1553 859 1740 923 tenemento
1754 856 1795 920 de

296 952 374 1016 villa
389 952 430 1014 de
446 952 594 1031 Peneos,
610 972 672 1035 que
687 955 817 1014 tenetur
830 951 870 1014 de
885 950 1028 1015 Henrico
1042 950 1289 1034 Percy,comite
1302 948 1597 1028 northumbriam
1610 947 1651 1009 de
1666 944 1798 1009 baronia

298 1040 408 1103 suade
423 1039 591 1122 Alnewyk,
606 1059 662 1122 per
677 1038 849 1102 dimidiam
864 1043 992 1122 partem
1002 1037 1031 1122 j.
1048 1038 1072 1104 f.
1089 1059 1134 1104 m.

339 1170 463 1235 Dicunt
475 1171 557 1234 dicti
571 1171 732 1258 juratores
747 1171 833 1257 quod
849 1171 942 1236 nutis
958 1177 1036 1237 sunt
1051 1171 1214 1237 alisiense
1230 1192 1285 1236 seu
1299 1173 1488 1236 tenementa
1503 1171 1567 1233 etc.

834 1412 958 1482 Wssus
981 1434 1024 1478 ns
1048 1409 1269 1482 OOKDALE.

342 1551 521 1636 Inquisicio
536 1555 632 1635 capta
645 1550 732 1634 apud
749 1550 935 1636 Rothebnry
948 1556 1062 1615 octavo
1078 1550 1131 1615 die
1147 1550 1228 1614 Maii
1245 1569 1331 1613 anno
1346 1548 1440 1633 regni
1454 1548 1540 1632 regis
1556 1544 1692 1609 Henrici
1716 1543 1800 1606 sexti

298 1645 372 1721 post
386 1643 598 1722 conquestum
615 1645 717 1718 sexto,
733 1658 840 1701 coram
856 1639 926 1701 Ada
940 1635 1190 1724 Kyllyngworth
1206 1643 1268 1702 etc.
1288 1641 1336 1716 (cs
1351 1637 1464 1720 before)
1482 1655 1541 1718 per
1566 1637 1801 1696 sacramentum

298 1725 450 1812 Hugonis
466 1726 723 1804 Gaton,Ricardi
736 1725 852 1805 Perke,
865 1724 988 1789 Thome
1004 1725 1122 1805 Gelon,
1136 1723 1297 1789 Johannis
1312 1725 1435 1801 Heron,
1444 1721 1585 1785 Gdberti
1598 1717 1801 1795 Rotherford,

298 1812 321 1875 J
321 1814 457 1876 ohannis
473 1812 595 1876 Barkes
609 1813 650 1876 de
664 1813 881 1898 Edlynghsm‚
897 1812 1057 1877 Willelmi
1072 1812 1205 1890 Glenell,
1216 1812 1236 1876 J
1239 1811 1375 1876 ohannis
1391 1809 1500 1892 Selby,
1513 1806 1679 1872 Edmundi
1692 1805 1803 1881 Alder,

299 1901 432 1963 Ricardi
447 1900 648 1986 Berehmgh,
665 1900 825 1964 Johannis
841 1901 938 1964 Alder
964 1909 999 1964 et
1015 1900 1085 1964 Ade
1101 1899 1242 1978 Forster,
1264 1898 1458 1985 juratorum,
1481 1897 1539 1980 qui
1564 1896 1680 1959 dicunt
1707 1911 1803 1976 super

301 1993 539 2052 sacramentum
554 2010 649 2052 suum
664 1988 750 2074 quod
761 2010 811 2051 :-

346 2175 520 2253 Johanna,
536 2175 602 2238 dux
629 2175 812 2254 Bedfordie‚
828 2177 956 2240 seisitus
980 2179 1014 2239 et
1041 2176 1296 2259 possessionatus
1319 2179 1370 2238 est
1392 2174 1428 2237 in
1450 2172 1615 2237 dominico
1637 2191 1694 2234 suo
1709 2173 1748 2233 ut
1763 2169 1802 2232 de

303 2263 397 2326 feodo
410 2263 451 2326 de
466 2264 544 2326 vitla
558 2263 599 2326 de
617 2263 837 2342 Snmsossna,
852 2284 916 2348 que
930 2268 1063 2327 tenetur
1077 2264 1116 2326 de
1131 2263 1274 2327 Henrico
1290 2261 1401 2347 Percy‚
1416 2261 1535 2325 comite
1551 2256 1801 2335 Northumbrie‚

304 2356 340 2414 ut
357 2351 397 2413 de
412 2351 557 2413 dominio
572 2371 630 2414 suo
644 2352 685 2415 de
701 2350 867 2434 Alnewyk,
883 2372 940 2435 per
954 2356 1105 2435 quartam
1120 2355 1249 2435 partem
1263 2351 1287 2436 j.
1304 2351 1327 2414 f.
1343 2371 1388 2415 m.

240 2549 243 2554 .
349 2485 547 2548 Laurencius
563 2483 603 2548 de
618 2486 726 2548 Acton
742 2487 873 2549 seisitus
888 2491 949 2550 etc.
964 2492 1004 2549 ut
1018 2487 1060 2550 de
1076 2485 1169 2550 feodo
1183 2486 1223 2549 de
1239 2485 1318 2550 villa
1340 2485 1381 2548 de
1404 2485 1573 2563 Hessius,
1588 2501 1651 2565 que
1674 2484 1805 2545 tenetur

304 2572 344 2636 de
359 2573 506 2655 predicto
521 2573 640 2636 comite
656 2578 695 2636 ut
708 2573 748 2638 de
763 2573 909 2636 dominio
924 2594 982 2637 suo
998 2574 1158 2656 predicto,
1171 2593 1229 2657 per
1243 2579 1393 2657 quartam
1409 2578 1535 2656 partem
1548 2571 1573 2656 j.
1591 2569 1613 2633 f.
1630 2590 1674 2634 m.

348 2706 526 2787 Johannes,
537 2708 602 2772 dux
614 2708 937 2788 Bedfordie‚seisitus
948 2715 1011 2776 etc.
1024 2716 1064 2773 ut
1078 2711 1119 2774 de
1133 2710 1227 2774 feodo
1241 2709 1282 2774 de
1295 2709 1373 2772 villa
1386 2709 1426 2773 dc
1437 2708 1588 2785 Russus,
1600 2726 1663 2789 que
1678 2709 1806 2769 tenetur

304 2796 507 2878 depredicto
522 2798 642 2860 comite
657 2804 694 2863 ut
709 2799 750 2861 de
764 2798 910 2861 dominio
925 2817 983 2862 sno
998 2798 1159 2882 predicto,
1175 2819 1232 2882 per
1244 2799 1394 2882 quintam
1410 2802 1537 2880 partem
1552 2793 1576 2878 j.
1593 2793 1616 2858 f.
1632 2814 1677 2859 m.

349 2933 534 2996 Willelmus
559 2932 747 3018 Swynburn‚
772 2934 925 3013 chivaler,
950 2934 1113 3000 Robertus
1141 2935 1233 3020 Ogle,
1255 2933 1407 3012 chivateq
1430 2938 1465 2997 et
1492 2933 1652 2997 Hernicus
1668 2931 1808 3014 Fenwyk

308 3022 413 3084 scisiti
427 3028 488 3086 etc.
506 3027 545 3084 ut
560 3023 601 3085 de
617 3022 711 3085 feodo
725 3023 765 3086 de
779 3022 859 3087 villa
874 3024 914 3087 ds
929 3025 1128 3101 Amemus,
1142 3044 1205 3107 que
1220 3028 1350 3089 tenetur
1365 3022 1404 3086 de
1419 3021 1545 3105 prefato
1567 3021 1687 3084 comite
1710 3026 1748 3082 ut
1770 3019 1808 3082 de

308 3109 453 3172 dominio
468 3129 525 3171 suo
539 3109 700 3192 predicto,
714 3131 769 3195 per
784 3111 993 3175 medietatem
1004 3111 1033 3195 j.
1049 3110 1071 3176 f.
1088 3133 1134 3178 ιιι.

352 3213 542 3309 Wencetaus
556 3245 795 3330 Doresteynour
810 3248 941 3311 seieitus
955 3253 1019 3313 etc.
1034 3253 1072 3312 ut
1087 3249 1128 3311 de
1142 3247 1246 3312 libero
1260 3251 1446 3312 tenemento
1460 3247 1501 3310 de
1513 3245 1591 3311 villa
1607 3245 1646 3309 de
1661 3244 1810 3322 Faunos,

303 3353 371 3505 Jquse
387 3337 520 3488 tgnetur
535 3334 575 3397 ds
590 3332 717 3418 prefato
732 3336 851 3399 comite
867 3341 906 3398 nt
929 3335 970 3398 de
997 3336 1143 3399 dominio
1169 3356 1226 3400 suo
1249 3335 1406 3421 predicto,
1432 3355 1489 3419 per
1513 3340 1662 3419 quartam
1685 3337 1812 3415 partem

354 3559 497 3624 Heredes
512 3558 669 3622 Willelmi
687 3557 904 3624 Whitchestre
919 3561 1024 3624 seisiti
1041 3566 1104 3626 etc.
1120 3565 1159 3624 ut
1174 3561 1213 3626 de
1235 3559 1328 3624 feodo
1356 3559 1395 3624 dc
1409 3558 1488 3623 villa
1512 3559 1553 3623 de
1577 3559 1812 3635 Benacenses,

309 3667 372 3818 quq
392 3651 531 3801 Hnetm
555 3647 596 3710 de
621 3648 748 3730 pretato
773 3649 892 3712 comite
918 3654 957 3712 ut
980 3649 1021 3712 de
1047 3648 1192 3714 dominio
1208 3669 1264 3713 suo
1280 3647 1437 3733 predicto,
1450 3667 1507 3730 per
1521 3652 1671 3730 quartam
1685 3651 1813 3728 partem

354 3872 376 3934 J
378 3871 518 3934 ohannes
534 3871 650 3951 Galen,
664 3872 684 3934 J
687 3871 828 3934 ohannes
844 3869 938 3935 Curre
953 3876 989 3935 et
1003 3872 1163 3954 Johanna,
1175 3894 1255 3937 uxor
1269 3873 1352 3960 ejus,
1363 3871 1467 3937 scisiti
1482 3878 1547 3941 etc.
1557 3876 1595 3934 ut
1611 3871 1652 3934 de
1666 3869 1760 3934 feodo
1775 3870 1815 3934 de

312 3958 390 4021 villa
405 3960 445 4021 de
461 3959 673 4024 Boaowsnns
688 3979 752 4041 que
767 3963 899 4023 tenetur
912 3960 953 4023 de
968 3960 1114 4043 predicto
1136 3962 1256 4025 comite
1279 3967 1319 4025 nt
1341 3961 1383 4024 de
1406 3959 1550 4024 dominio
1578 3977 1634 4022 suo
1659 3958 1815 4041 predicte,

311 4067 369 4130 per
384 4046 554 4109 dimidiam
570 4055 697 4129 partem
708 4045 735 4130 j.
752 4047 774 4109 f.
792 4068 836 4112 ιιι.

356 4174 515 4240 Robertus
539 4176 632 4263 Ogle,
659 4177 811 4254 chivalen
837 4177 996 4243 Robertus
1021 4177 1172 4264 Conyers,
1196 4179 1351 4260 chivater,
1376 4182 1412 4243 et
1437 4176 1602 4244 Johannes
1618 4179 1814 4264 Sherperton

314 4265 418 4326 seisiti
433 4268 496 4327 etc.
512 4270 551 4327 ut
566 4265 606 4327 de
622 4264 725 4342 feodo,
748 4266 971 4350 unnsquisque
993 4287 1049 4350 per
1071 4287 1104 4330 se
1128 4269 1303 4352 separatim
1326 4288 1365 4330 ex
1391 4266 1527 4330 diversis
1550 4268 1816 4348 concessionibus,

314 4351 458 4414 devilia
485 4352 526 4415 de
551 4353 784 4429 Scammos,
808 4373 871 4438 que
901 4358 1033 4418 tenetur
1062 4355 1101 4419 de
1131 4357 1277 4440 predicto
1306 4357 1427 4418 comite
1456 4359 1494 4418 ut
1523 4354 1565 4418 de
1588 4355 1733 4419 dominio
1759 4376 1817 4420 suo

314 4439 470 4524 predicto,
487 4460 542 4523 per
557 4445 707 4523 quartam
723 4445 849 4522 partem
862 4440 888 4526 j.
904 4441 927 4504 t.
943 4462 988 4507 m.

357 4571 506 4636 Johanna
529 4573 643 4635 Heron
669 4572 781 4636 saisita
803 4579 865 4640 etc.
882 4582 920 4640 ut
947 4578 988 4641 de
1013 4576 1116 4640 libero
1144 4581 1332 4642 tenemento
1347 4578 1386 4643 de
1401 4577 1478 4643 villa
1493 4577 1533 4642 de
1548 4579 1737 4660 Hmesnns,
1754 4598 1817 4664 que

316 4664 447 4834 Jteqethr
477 4659 518 4723 de
547 4660 695 4742 predicta
724 4664 844 4726 comite
867 4669 906 4726 ut
931 4664 972 4729 de
999 4663 1146 4728 dominio
1169 4685 1226 4730 suo
1249 4666 1408 4750 predicto,
1435 4687 1493 4750 per
1516 4675 1665 4750 quartam
1696 4675 1818 4750 partem

361 4885 505 4948 Heredes
520 4883 678 4948 Witlelmi
694 4885 916 4952 Whitehestre
931 4889 1036 4954 saisiti
1051 4893 1114 4954 etc.
1133 4896 1171 4955 ut
1185 4891 1225 4955 de
1240 4889 1332 4955 feodo
1347 4891 1387 4955 de
1404 4891 1483 4956 villa
1509 4891 1550 4956 de
1572 4867 1744 4969 Βιιιιιιιοιι,
1759 4912 1820 4976 qus

315 4977 449 5148 tjeqetqr
472 4971 514 5036 de
539 4972 687 5055 predicto
712 4975 833 5038 comite
858 4981 898 5039 ut
920 4976 960 5040 de
984 4977 1131 5042 dominio
1157 5000 1215 5044 suo
1238 4977 1399 5063 predicto,
1428 4999 1486 5064 per
1515 4985 1663 5064 quartam
1693 4985 1821 5064 partem

363 5196 555 5280 Radulphus
570 5194 669 5279 Gray,
684 5193 839 5276 chivaler‚
849 5200 980 5264 saisitus
997 5207 1059 5267 etc.
1072 5207 1111 5266 ut
1126 5201 1166 5266 de
1182 5201 1276 5267 feodo
1291 5203 1421 5267 talliato
1435 5203 1565 5268 devilia
1579 5204 1620 5268 de
1632 5203 1823 5282 Mmenson,

320 5305 385 5458 quse
402 5289 540 5438 nqenetur
562 5283 603 5348 de
629 5283 774 5368 predicto
796 5287 917 5350 comite
939 5294 977 5353 ut
992 5288 1034 5352 de
1049 5289 1196 5353 dominio
1211 5310 1270 5354 suo
1284 5290 1443 5372 predicto,
1459 5311 1515 5374 per
1530 5299 1681 5374 quartam
1695 5299 1823 5375 partem
