4117 6209
847 681 929 747 Au).
954 683 1161 747 1284-1285.

679 967 899 1034 Hnrvnnrrnnu
922 989 966 1033 ns
990 966 1343 1035 KYNEMERSDON.

298 1105 507 1169 Veredictum
524 1104 683 1167 hundredi
698 1104 738 1168 de
753 1103 1000 1188 Kynemcrsdon
1016 1105 1141 1168 iactum
1163 1124 1219 1187 per
1234 1109 1472 1169 sacramentnm
1488 1106 1545 1191 xij.
1563 1107 1755 1193 juratorum,

257 1192 409 1256 videlicet
426 1192 560 1256 Henrici
575 1192 615 1256 de
632 1191 777 1268 Ksrevss,
793 1191 951 1254 Willelmi
967 1193 998 1255 le
1014 1191 1187 1275 Frenceys
1202 1191 1361 1255 Willelmi
1375 1193 1415 1256 de
1432 1193 1612 1278 Hsmpton,
1638 1196 1756 1281 Rogeri

258 1278 343 1358 Boel,
359 1278 519 1344 Johnnnis
534 1279 633 1362 Pege,
653 1278 768 1360 Rogeri
784 1279 816 1342 ln
833 1279 954 1357 Werre,
971 1277 1094 1342 Thome
1111 1279 1225 1356 Moris,
1250 1278 1409 1343 Johonnis
1435 1281 1542 1360 Teste,
1566 1282 1689 1347 Thome
1715 1285 1756 1348 de

259 1365 438 1451 Bskynton,
454 1365 587 1430 Roberti
602 1366 632 1429 le
649 1365 769 1445 Blund,
784 1365 805 1428 J
807 1365 944 1430 ohannis
959 1365 990 1429 le
1005 1366 1092 1443 Pers,
1107 1372 1142 1430 et
1157 1366 1311 1450 Hugonis
1325 1367 1437 1432 Ketel.

879 1512 1140 1528 m-

298 1589 345 1654 De
359 1589 463 1654 feodis
477 1590 623 1654 militum
638 1590 756 1654 dicunt
770 1591 855 1677 qnod
866 1613 920 1655 r-

299 1726 550 1794 Krrrnrrnnsoorr
567 1731 696 1791 tenetur
712 1727 751 1790 de
766 1728 899 1791 domino
914 1746 991 1811 rege
1005 1727 1058 1792 i.o.
1074 1747 1133 1810 pro
1148 1727 1193 1792 di.
1208 1726 1234 1792 f.
1250 1749 1297 1794 m.

299 1865 480 1932 Bosnnsrro
495 1871 629 1931 tenetur
642 1867 697 1931 i.o.
714 1866 754 1930 de
769 1866 902 1930 domino
916 1886 991 1950 rege
1006 1871 1041 1930 et
1055 1867 1202 1949 pertinet
1216 1866 1257 1928 sd
1273 1866 1406 1930 feodum
1421 1868 1463 1932 de
1479 1868 1665 1936 Hertilond.

300 2003 487 2070 Hsurrvrorr
504 2008 638 2068 tenetur
652 2004 694 2068 de
709 2004 841 2067 domino
857 2024 932 2089 rege
947 2005 1001 2069 i.c.
1012 2007 1047 2067 et
1061 2005 1206 2087 pertinet
1220 2004 1261 2066 sd
1278 2003 1444 2069 baroniam
1460 2006 1501 2068 de
1517 2006 1759 2074 Holremsnton.

300 2141 500 2208 Hnnorrrrorv
525 2146 658 2206 tenetur
683 2142 723 2205 de
750 2140 899 2206 Johsune
925 2143 956 2206 le
984 2143 1042 2208 Sor
1066 2162 1124 2225 pro
1148 2141 1170 2220 i.
1196 2140 1219 2206 f.
1247 2163 1292 2208 m.
1316 2164 1382 2206 uns
1407 2164 1484 2207 oum
1512 2150 1699 2209 tenemento
1720 2147 1762 2212 de

257 2225 503 2401 fflrlrlrgosssgvn,
519 2235 554 2294 et
579 2228 744 2294 Johsnnes
770 2228 800 2292 le
827 2226 886 2292 Sor
902 2235 994 2293 tenet
1016 2229 1058 2294 de
1073 2231 1194 2292 comite
1209 2226 1434 2294 Goloucestrie
1453 2234 1535 2311 (sic),
1549 2238 1584 2295 et
1599 2253 1705 2297 comes
1720 2234 1761 2298 de

301 2453 497 2520 Rmssrom
512 2459 642 2518 tenetur
656 2456 709 2519 i.c.
726 2455 767 2518 de
789 2455 909 2518 comite
936 2453 1141 2518 Gioucestrie
1162 2462 1197 2520 et
1211 2457 1300 2520 idem
1316 2477 1422 2522 comes
1441 2463 1557 2537 (tenet)
1575 2458 1615 2523 de
1630 2458 1763 2523 domino

259 2560 346 2624 rege,
362 2547 396 2605 et
411 2544 544 2606 tenetur
558 2562 616 2625 pro
630 2542 654 2628 j.
670 2542 693 2607 f.
1004 2563 1005 2568 ’

301 2673 469 2740 Bsnrrrrorr
496 2678 627 2738 tenetur
649 2673 689 2738 de
717 2672 871 2737 Anselmo
895 2674 937 2737 de
962 2672 1091 2759 Gornsy
1107 2694 1165 2757 pro
1184 2674 1211 2758 j.
1227 2673 1250 2737 f.
1266 2697 1312 2741 m.
1330 2681 1365 2739 et
1381 2676 1555 2740 Anselmus
1581 2681 1703 2763 (tenet)
1722 2679 1764 2744 de

259 2762 378 2824 comite
394 2761 552 2845 predicto,
565 2767 598 2824 et
614 2782 723 2825 comes
737 2761 779 2825 de
796 2761 928 2825 domino
943 2781 1029 2846 rege.

303 2898 482 2963 Willelmus
496 2898 527 2963 ie
543 2897 659 2978 Fre-nc,
676 2903 712 2962 et
727 2899 897 2962 Gilbertus
913 2898 953 2962 de
968 2899 1000 2961 ls
1017 2897 1123 2964 Forde
1137 2903 1252 2963 tenent
1268 2897 1310 2961 de
1326 2900 1482 2964 Anselmo
1498 2901 1538 2964 de
1555 2848 1686 2986 Gornsv
1708 2911 1766 2987 p'ro

259 2986 283 3070 j.
300 2986 323 3049 i.
342 2987 374 3048 in
391 2986 576 3063 Mrnsncor,
593 2992 627 3049 et
643 2987 814 3050 Anselmus
830 2991 924 3049 tenet
939 2986 981 3049 de
995 2986 1147 3068 predicto
1160 2987 1290 3063 comite,
1305 2993 1338 3051 et
1353 3007 1461 3051 comes
1476 2988 1517 3052 de
1531 2989 1664 3053 domino
1678 3011 1763 3075 rege.

306 3123 473 3189 Susurrorr
500 3130 633 3188 tenetur
659 3125 700 3188 de
724 3126 844 3189 comite
868 3123 1038 3188 Lincolnie
1061 3142 1119 3209 pro
1144 3124 1169 3211 j.
1186 3124 1209 3190 f.
1234 3128 1269 3188 et
1294 3125 1438 3207 pertinet
1464 3127 1506 3189 ed
1533 3127 1700 3191 baroniam
1725 3128 1766 3191 de

260 3210 428 3294 Trobrigg‚
443 3219 477 3274 et
492 3211 579 3275 idem
594 3233 700 3276 comes
714 3217 806 3276 tenet
822 3211 862 3276 de
877 3211 1008 3275 domino
1024 3232 1110 3296 rege.

302 3339 446 3407 Wunros
461 3344 593 3405 tenetur
607 3340 647 3404 de
662 3339 803 3426 Georgio
818 3341 860 3404 de
875 3337 1010 3405 Gentelo
1032 3359 1091 3422 pro
1113 3338 1159 3404 di.
1177 3339 1200 3405 f.
1217 3346 1252 3405 et
1267 3337 1429 3424 Georgius
1446 3344 1561 3420 (tenet)
1579 3341 1620 3404 de
1635 3341 1766 3407 domino

262 3446 347 3510 rege.

304 3565 469 3630 Honncorr
484 3568 615 3628 tenetur
628 3564 669 3628 de
684 3564 809 3649 Rogero
823 3564 862 3628 dc
880 3564 1054 3649 Lokynton
1068 3582 1127 3647 pro
1142 3564 1188 3630 di.
1205 3564 1228 3627 f.
1245 3570 1280 3628 et
1295 3563 1443 3648 Rogerus
1459 3568 1551 3629 tenet
1566 3567 1607 3630 de
1621 3565 1767 3651 Georgio

260 3650 300 3714 de
315 3650 461 3729 Centelo,
472 3658 505 3715 et
522 3651 684 3736 Georgius
699 3659 790 3716 tenet
804 3653 846 3715 de
860 3651 994 3715 domino
1008 3671 1093 3735 rege.

304 3787 528 3856 Wnrnnrurorr
557 3793 607 3852 est
636 3788 797 3871 prebende
826 3787 1007 3852 Sarisburie
1037 3787 1079 3851 de
1108 3788 1253 3870 antiquo,
1283 3788 1332 3850 its
1363 3788 1449 3869 quod
1478 3759 1630 3853 nesciunt
1655 3810 1676 3854 s
1702 3811 1766 3876 quo

262 3880 405 3954 tenetur,
419 3896 479 3940 nec
494 3896 550 3959 per
566 3876 652 3959 quod
668 3877 853 3940 servicium.
1744 3881 1747 3886 '

785 4124 1008 4192 Honosnnnu
1031 4144 1076 4191 ns
1101 4124 1255 4192 STANE.

305 4264 326 4328 J
327 4262 469 4328 ohannes
484 4264 686 4327 Msutravers
700 4268 795 4326 tenet
810 4262 1000 4330 Hrunronn
1014 4282 1115 4328 ruxrs
1131 4262 1281 4329 Grvnnnn
1303 4282 1362 4344 per
1377 4263 1548 4327 servicium
1564 4265 1709 4328 militsre
1724 4265 1766 4330 de

262 4354 380 4415 comite
395 4351 612 4415 Gloucestrie.

304 4489 466 4553 Johannes
488 4487 529 4552 de
556 4489 755 4572 Hestingges
781 4492 872 4551 tenet
897 4487 1067 4565 Burrum,
1097 4487 1283 4564 Susurono,
1300 4492 1334 4549 et
1351 4487 1544 4554 Cmusnvorv
1561 4489 1602 4552 de
1617 4508 1694 4572 rege
1709 4490 1764 4555 i.c.

263 4576 421 4660 peridem
437 4575 623 4640 servicium.

306 4710 427 4775 Manus
443 4709 606 4774 Pluirenet
620 4715 712 4775 tenet
726 4710 877 4775 Pnnsnorr
894 4709 1075 4775 Pnunnrrnr
1090 4708 1131 4772 de
1146 4728 1220 4792 rege
1235 4708 1290 4772 i.c.
1307 4709 1467 4792 peridem
1482 4711 1664 4775 servicium.

306 4845 399 4908 Prior
423 4845 464 4907 dc
489 4843 747 4926 Bermundeseye
763 4849 857 4906 tenet
879 4843 1030 4909 Pncsrorr
1054 4842 1290 4908 Mousononurr
1304 4847 1339 4905 et
1355 4841 1477 4909 Susum
1493 4844 1534 4906 de
1550 4865 1627 4929 rege
1643 4845 1695 4910 i.o.
1711 4845 1767 4910 sed

265 4951 328 4994 non
344 4932 382 4996 fit
397 4933 524 4996 mencio
538 4952 596 5015 per
611 4931 697 5016 quod
713 4929 896 5007 servicium,
911 4950 970 4993 nec
985 4949 1044 5014 per
1058 4937 1139 5013 quot
1154 4929 1258 4993 feoda.

306 5067 446 5132 'l'homss
470 5069 510 5132 de
536 5069 659 5153 Everay
678 5069 743 5146 (ie.
761 5066 895 5151 Evercy)
914 5071 1005 5130 tenet
1031 5066 1216 5133 Bnumov
1242 5066 1284 5129 de
1307 5065 1444 5131 Mntheo
1467 5022 1510 5132 'de
1537 5067 1687 5133 Furnens
1713 5089 1769 5152 per

264 5157 434 5220 servicium
450 5157 604 5232 militare,
617 5163 651 5220 et
666 5155 755 5219 idem
770 5151 925 5217 Matheus
939 5154 980 5217 de
996 5153 1117 5218 Ceoilis
1131 5153 1173 5217 de
1188 5151 1281 5216 Bello
1296 5151 1429 5238 Campo,
1446 5162 1481 5218 et
1506 5156 1622 5219 eedem
1648 5154 1768 5219 cecilia

264 5241 303 5306 de
317 5242 435 5308 sbbste
450 5241 632 5321 (ilsstonie,
645 5248 679 5307 et
695 5241 783 5306 idern
799 5241 895 5304 abbes
911 5241 951 5305 de
967 5261 1042 5326 rege
1058 5242 1112 5333 ic.

307 5377 490 5442 Wilielmns
519 5372 656 5438 Fosssrd
687 5379 779 5438 tenet
810 5373 969 5442 Lorrrrrorv
998 5374 1040 5437 de
1070 5370 1240 5434 Milisentn
1268 5370 1309 5434 de
1341 5370 1454 5436 Monte
1479 5372 1567 5452 Atto,
1593 5376 1628 5437 et
1653 5371 1767 5434 endem

265 5461 431 5528 Milisents
445 5463 486 5527 de
500 5481 576 5546 rege
591 5461 644 5528 i.o.
662 5461 717 5524 sed
732 5481 797 5523 non
813 5460 936 5524 dicitur
950 5481 1008 5545 per
1023 5460 1111 5546 qnod
1127 5458 1311 5522 servicium.

327 5597 412 5651 2210ss
1685 5594 1703 5641 S
