4117 6209
305 677 369 763 274
935 689 1187 757 eounasnv.

350 978 494 1062 hogerus
516 978 556 1060 de
583 977 739 1042 Puteford
764 982 858 1042 tenet
884 979 1092 1045 Hunnasnorv
1118 979 1158 1042 de
1183 978 1356 1043 heredibus
1381 975 1541 1040 Johaunis
1556 976 1597 1040 de
1611 974 1750 1055 Mohun,
1776 982 1808 1039 et

306 1066 407 1129 iidem
421 1065 556 1130 heredes
570 1066 610 1130 de
625 1086 699 1150 rege
715 1066 766 1130 i.o.
782 1086 839 1150 per
854 1067 1027 1129 servicium
1043 1066 1199 1130 militare.

353 1201 519 1268 lohannes
535 1204 605 1289 Fag
630 1210 718 1268 tenet
735 1205 930 1272 Cmnvnann
946 1205 1016 1270 Fac
1032 1205 1074 1268 de
1090 1204 1224 1267 isabella
1239 1204 1279 1266 de
1294 1203 1326 1265 la
1340 1203 1446 1286 Haye,
1470 1207 1505 1265 el
1531 1202 1644 1266 eadem
1671 1200 1810 1266 Isabella

307 1289 347 1353 de
362 1310 437 1375 rege
452 1293 505 1357 i.c.
522 1311 580 1375 par
594 1293 681 1355 idem
697 1293 877 1357 servicium.

351 1429 515 1494 lohannes
541 1432 581 1494 de
605 1429 769 1494 Dunmere
793 1435 885 1494 tenet
912 1431 1107 1497 Cmmnnun
1133 1431 1303 1496 Dnuunan
1326 1431 1366 1492 de
1391 1429 1529 1492 Isabella
1543 1429 1583 1492 de
1598 1428 1631 1491 la
1645 1428 1750 1511 Haye,
1775 1432 1810 1490 et

307 1515 418 1580 eadem
433 1517 571 1582 [sabella
586 1519 626 1582 de
642 1539 716 1603 rege
731 1539 789 1602 per
804 1519 974 1581 servicium
990 1518 1143 1581 militare.

352 1650 514 1716 Walterus
528 1652 568 1715 de
583 1651 758 1734 Romeseye
773 1655 863 1715 tenet
881 1651 996 1717 omna
1012 1656 1046 1714 el
1061 1652 1183 1716 Honnn
1198 1652 1239 1714 de
1254 1649 1357 1712 Alano
1372 1648 1536 1713 Plukenet
1557 1670 1615 1733 per
1638 1651 1809 1714 servicium

308 1738 463 1820 militare,
478 1751 513 1802 et
529 1739 617 1802 idem
635 1740 754 1802 Alanus
769 1738 809 1802 de
826 1759 901 1822 rege
916 1740 968 1803 i.c.

352 1874 519 1943 lohannes
534 1876 573 1940 de
588 1875 756 1940 Tudeham
771 1882 863 1940 tenet
880 1877 1013 1940 terciam
1039 1880 1164 1960 partem
1179 1876 1220 1939 de
1236 1876 1436 1941 hammon
1451 1876 1492 1939 de
1507 1874 1647 1939 Isabella
1662 1875 1702 1937 de
1718 1873 1810 1937 Bello

309 1962 650 2114 58ξὲἒῶῒωῖῗὲιῖὲο
664 1963 800 2027 Isabella
824 1965 864 2027 de
887 1964 1002 2026 abbate
1027 1964 1068 2026 de
1096 1963 1278 2041 Glastouia,
1294 1971 1328 2025 et
1352 1963 1444 2025 idem
1471 1962 1567 2025 abbas
1593 1963 1632 2024 de
1658 1982 1735 2045 rege
1752 1982 1809 2045 per

352 2188 536 2252 Willelmus
565 2189 605 2252 de
634 2187 834 2276 Wellingion
865 2193 955 2252 tenel
985 2190 1119 2252 terciam
1149 2195 1278 2272 partem
1309 2189 1456 2273 ejusdem
1487 2187 1563 2250 ville
1593 2189 1634 2250 de
1663 2188 1810 2272 predicta

310 2275 459 2352 Isabella,
473 2280 507 2339 et
521 2276 635 2340 eadem
653 2276 793 2339 Isabella
806 2276 845 2338 de.
860 2276 976 2340 abbate
991 2276 1032 2340 de
1047 2276 1227 2356 Glastonia,
1245 2282 1405 2359 utsupra.

354 2413 447 2476 Prior
469 2413 511 2476 de
537 2412 715 2476 Bradeslok
740 2419 828 2477 tanei
851 2414 986 2477 terciam
1007 2419 1135 2498 partem
1151 2414 1298 2500 ejusdem
1314 2414 1391 2478 ville
1405 2415 1439 2476 in
1456 2433 1569 2496 puram
1585 2413 1809 2490 elemosinam,

310 2505 360 2563 seh
374 2519 437 2562 non
454 2500 576 2563 dicitur
590 2500 630 2564 de
645 2521 719 2585 quo,
736 2521 793 2564 neo
809 2521 865 2584 per
880 2503 965 2583 quod
982 2501 1167 2566 servicium.

353 2636 509 2701 Matheus
522 2638 562 2700 de
577 2637 714 2701 Fumeis
729 2643 824 2702 benet
838 2639 1007 2705 Esnnvrorv
1022 2639 1064 2702 de
1077 2637 1249 2702 heredibus
1263 2639 1302 2701 de
1314 2639 1463 2717 Vivonia,
1475 2644 1509 2700 et
1523 2638 1608 2700 idem
1623 2635 1754 2701 heredes
1769 2638 1809 2700 de

309 2725 426 2790 abbate
440 2725 481 2788 de
495 2725 677 2804 Glastonia,
694 2732 727 2788 et
742 2725 831 2788 idem
847 2726 943 2789 abbae
959 2726 999 2789 de
1015 2746 1091 2810 rege
1106 2747 1164 2809 per
1179 2727 1351 2789 servicium
1367 2726 1519 2790 militare.

328 2933 332 2942 1
353 2861 517 2926 Walterus
543 2862 584 2925 de
610 2861 797 2950 Romeseye,
822 2868 856 2926 el
880 2862 1049 2926 Galfridus
1064 2863 1106 2926 dc
1120 2863 1300 2946 Romeseye
1315 2869 1431 2928 tenent
1446 2862 1624 2926 Monmoau
1640 2861 1752 2926 Tnnnv
1766 2861 1808 2924 de

310 2951 414 3013 Alano
429 2949 469 3014 dc
484 2948 660 3029 Plukenet,
674 2955 709 3014 el
723 2951 810 3013 idem
826 2951 1002 3018 Alamude
1018 2971 1093 3036 rege
1108 2953 1159 3016 i.c.

353 3087 446 3150 Prior
459 3086 501 3150 de
516 3086 630 3152 Monte
645 3088 751 3150 Aonio
767 3093 857 3152 tenet
872 3088 1058 3154 Monvnoan
1074 3089 1309 3155 Mouaononun
1324 3088 1364 3152 de
1378 3106 1454 3171 rege
1470 3088 1523 3151 i.c.
1541 3085 1596 3148 sed
1610 3104 1674 3148 non
1686 3083 1809 3146 dicitur

310 3194 369 3258 per
382 3173 468 3256 quod
484 3175 665 3240 servicium.

354 3311 514 3375 Robertiu
529 3311 615 3376 filius
630 3310 755 3396 Pagani
772 3317 864 3376 benet
882 3314 978 3378 Luna
993 3314 1035 3377 de
1051 3334 1128 3398 rege
1143 3315 1196 3378 i.c.
1213 3334 1270 3397 per
1286 3314 1456 3375 servicium
1473 3311 1624 3374 militare.

355 3449 514 3512 Walterus
530 3449 571 3511 de
587 3449 748 3533 Wygebon
765 3457 800 3514 el
815 3451 955 3515 Thomas
981 3452 1021 3514 de
1050 3451 1198 3515 lluntele
1222 3458 1339 3515 tenent
1355 3451 1558 3526 Knvoasrorv,
1574 3449 1762 3524 Esrrsunsn,
1779 3455 1813 3509 et

312 3537 523 3604 Wasnnvnasa
539 3535 579 3600 de
594 3535 733 3600 Roberlo
748 3538 788 3602 de
806 3537 935 3602 Mortuo
950 3539 1036 3601 Mari
1051 3560 1108 3622 per
1123 3539 1294 3602 servicium
1312 3537 1466 3614 militare,
1484 3545 1518 3599 el
1539 3537 1626 3599 idem
1652 3535 1813 3597 Robertus

311 3623 352 3687 de
367 3643 451 3708 rega.

354 3758 516 3824 lohannes
531 3760 572 3824 de
590 3759 711 3845 Crykat
726 3768 759 3825 el
776 3763 959 3827 Willelmus
974 3764 1015 3826 de
1031 3763 1209 3827 Sarneville
1224 3768 1340 3828 tenent
1367 3763 1579 3826 medietatem
1605 3761 1763 3826 Nvunvou
1780 3768 1814 3822 et

314 3848 522 3916 Saaunvvnnn
539 3869 594 3932 per
610 3849 800 3933 serjanbiam
815 3850 971 3913 reddendi
986 3854 1055 3935 regi
1072 3872 1129 3934 per
1143 3871 1265 3914 annum
1281 3850 1321 3912 ad
1339 3849 1531 3912 scaccarium
1549 3868 1646 3910 unam
1662 3869 1814 3932 mappam

311 3941 346 3998 et
357 3954 459 3997 unum
474 3937 718 4019 manutergium
735 3957 792 4019 per
806 3957 920 4000 manus
931 3939 1076 4023 ejusdem
1088 3936 1260 4015 lobannis,
1272 3944 1306 4000 et
1320 3938 1454 4000 alteram
1470 3936 1684 3999 medietatem
1701 3942 1815 3998 tenent

313 4021 353 4084 de
371 4021 535 4085 Willelmo
549 4021 589 4085 de
605 4022 733 4105 Gowys,
749 4028 783 4086 et
798 4025 886 4087 idem
905 4027 941 4084 W
944 4025 1088 4088 illelmus
1103 4026 1143 4088 de
1159 4046 1233 4109 rege
1247 4027 1302 4090 i.c.

797 4312 1016 4380 Hunnnanuu
1040 4337 1084 4381 na
1106 4314 1337 4383 WYLETON.

355 4444 564 4510 Veredictum
591 4444 753 4512 hundredi
782 4449 821 4512 de
846 4449 1016 4534 Wyleton:
1049 4453 1209 4518 Robertim
1236 4452 1397 4526 Avenffllt,
1424 4447 1592 4512 Galfridus
1615 4447 1655 4511 de
1685 4449 1816 4532 Hyvvys,

314 4533 469 4596 Ricardus
495 4532 535 4596 de
560 4533 592 4595 la
617 4532 736 4614 Flesse,
765 4535 877 4601 Simon
903 4539 934 4600 le
962 4539 1050 4620 Bret,
1073 4539 1176 4603 Adam
1200 4539 1231 4601 le
1255 4537 1343 4616 Bret,
1361 4536 1545 4599 Willelmus
1559 4535 1599 4598 de
1614 4535 1717 4598 Tomb
1735 4539 1816 4614 (air),

318 4620 499 4683 Willelmus
525 4620 644 4703 Dyver,
669 4621 852 4687 ll'illelmus
876 4625 1091 4710 Frankeleyn,
1115 4626 1300 4690 Willelmus
1326 4624 1365 4687 de
1392 4625 1423 4686 la
1447 4621 1568 4701 Roche,
1595 4622 1754 4686 Robertus
1779 4625 1820 4685 de

314 4707 520 4786 Tubbewrth,
536 4708 719 4773 Willelmus
735 4711 821 4775 dela
837 4711 928 4795 Pyle,
945 4716 1114 4801 juratores,
1130 4715 1245 4778 dicunt
1261 4711 1347 4795 qnod
1358 4734 1412 4773 :-

357 4977 516 5042 Dominus
531 4978 698 5045 Johannes
709 4983 749 5046 de
765 4983 979 5048 columbariis
995 4989 1086 5048 leuet
1102 4981 1212 5045 villam
1228 4980 1268 5042 de
1286 4979 1442 5046 Snawava
1457 4977 1498 5040 de
1514 4974 1646 5037 domino
1668 4995 1743 5060 rege
1764 4979 1818 5044 i.c.

315 5086 372 5148 per
387 5064 566 5147 baroniam,
580 5073 614 5130 et
630 5075 681 5132 est
697 5072 801 5154 capud
816 5071 958 5152 baronio,
971 5076 1006 5135 et
1021 5071 1102 5134 facit
1116 5069 1288 5132 servicium
1304 5066 1340 5151 ij.
1354 5065 1511 5143 militnm,
1522 5061 1652 5146 quando
1667 5063 1820 5127 dominus

316 5173 371 5215 rex
387 5151 479 5216 vadit
493 5155 528 5216 in
544 5157 723 5220 exercitum
739 5178 795 5241 per
810 5159 988 5224 baroniam.

361 5283 544 5350 Willelmus
558 5287 691 5373 Martyn
709 5299 802 5356 tenet
817 5294 927 5357 villam
943 5294 983 5357 de
998 5295 1176 5358 Kvnvanou
1193 5288 1319 5350 racione
1335 5286 1444 5348 uxoris
1459 5303 1529 5360 sue,
1543 5304 1607 5368 (1¹10
1632 5289 1724 5347 ἱθῐὶθῑ
1746 5303 1820 5346 0²OE

314 5373 447 5436 nomine
463 5373 560 5455 dotis,
572 5380 607 5438 et
620 5384 671 5442 est
685 5380 725 5442 de
742 5381 874 5445 baronia
889 5382 927 5444 de
943 5381 1129 5454 Donaterre,
1146 5395 1210 5460 que
1236 5379 1369 5436 tenetur
1391 5373 1432 5434 de
1454 5372 1587 5434 domino
1608 5391 1686 5454 rege
1700 5372 1754 5436 i.c.
1771 5378 1819 5433 set

315 5459 469 5540 ignorant
482 5482 545 5544 quo
561 5465 706 5531 servicio.
