4117 6209
898 649 981 715 Au.
1006 653 1104 718 mss
1679 638 1743 721 'asi

286 931 450 998 Johannes
475 933 517 998 de
543 933 716 1017 Rodynton
741 941 776 1000 el
797 939 974 1023 participes
1000 942 1051 1003 sui
1074 944 1191 1004 tenent
1214 941 1395 1008 Romamn
1418 960 1476 1024 pro
1490 940 1537 1006 di.
1553 939 1575 1004 f.
1591 961 1636 1005 m.
1655 937 1742 1023 qnod

242 1019 387 1105 Rogsrus
402 1022 443 1084 de
458 1022 597 1108 Aspeleg
611 1025 775 1106 quondam
789 1029 900 1089 tenuit
915 1027 953 1090 da
970 1028 1116 1111 prediolo
1130 1028 1307 1094 Willelmo.

286 1152 486 1226 Maloulinus
511 1155 552 1219 de
576 1154 743 1240 Sheynlon
770 1163 863 1222 tensi
889 1159 983 1225 Esou
1010 1161 1193 1227 Cosnsuom
1209 1181 1267 1245 pro
1282 1160 1327 1224 di.
1342 1160 1367 1225 f.
1382 1182 1428 1226 m.
1444 1160 1531 1245 qnod
1546 1157 1687 1223 'l'homas
1702 1159 1743 1222 de

242 1235 413 1305 Oostanlin
427 1241 590 1326 quondam
605 1246 713 1308 lenuit
728 1245 769 1308 de
784 1247 929 1329 prediolo
945 1247 1121 1311 Willelmo.

286 1378 450 1445 Johannes
478 1380 519 1445 de
549 1379 700 1465 Leghson
731 1388 824 1447 tonet
854 1383 1015 1450 Lnsnuos
1047 1406 1105 1468 pro
1129 1385 1157 1470 j.
1182 1385 1205 1449 f.
1229 1384 1315 1468 quod
1339 1384 1495 1448 Rioardns
1519 1385 1559 1447 de
1590 1380 1740 1469 Laghton

242 1467 404 1550 quondam
421 1468 530 1532 tonuit
545 1469 585 1532 de
600 1470 746 1554 prediolo
762 1469 941 1538 willelmo.

286 1604 449 1671 Johannas
478 1608 519 1672 de
549 1609 737 1692 Leyboume
767 1613 860 1672 tensi
888 1611 1052 1676 Enosnws
1082 1612 1217 1676 Psnvsn
1247 1632 1305 1695 pro
1335 1611 1381 1676 di.
1409 1609 1433 1676 f.
1460 1610 1546 1695 quod
1575 1607 1742 1673 Johaones

244 1692 422 1781 [lestrange
438 1697 601 1781 quondam
617 1697 726 1761 tenuit
741 1697 781 1762 ds
796 1698 943 1781 prediolo
960 1698 1133 1796 Willelmo.

288 1831 427 1899 Isabells
452 1833 493 1898 do
516 1831 656 1898 Ferasiis
680 1839 774 1899 tensi
800 1834 919 1902 Nouus
944 1836 1051 1903 Snoun
1076 1856 1134 1920 pro
1152 1835 1180 1920 j.
1197 1834 1220 1903 f.
1248 1840 1283 1899 el
1306 1836 1351 1900 di.
1377 1856 1440 1921 que
1456 1834 1617 1899 wallerus
1631 1835 1663 1899 le
1677 1833 1742 1918 Say

243 1919 406 2003 quondam
421 1923 532 1985 tenuit
546 1922 587 1986 ds
601 1921 734 1986 baronis
751 1921 886 1986 Walteri
901 1923 940 1986 da
958 1925 1068 2007 Lasoy.

288 2055 425 2140 Egidius
451 2027 492 2121 do
514 2055 705 2142 Erdyngton
732 2063 823 2122 tenet
847 2063 911 2123 tres
936 2065 1045 2142 parles
1066 2059 1133 2146 121.
1156 2061 1191 2122 in
1219 2060 1438 2140 sanonum),
1453 2079 1532 2144 quas
1545 2058 1688 2122 Thomas
1703 2059 1745 2122 do

246 2142 438 2228 Erdyngton
454 2145 616 2231 quondam
633 2147 743 2210 lenuit
757 2146 799 2208 ds
814 2144 947 2209 domino
962 2166 1038 2230 rege
1053 2149 1107 2212 io.

288 2277 454 2343 Johsnnss
478 2280 520 2344 ds
547 2278 714 2363 Bmynlon
742 2286 832 2344 tenet
858 2282 1063 2348 Louonsono
1090 2302 1146 2365 pro
1171 2282 1196 2369 j.
1213 2282 1236 2347 f.
1263 2281 1351 2366 quod
1374 2281 1479 2344 Adam
1505 2282 1546 2345 de
1573 2279 1744 2364 Brnynlon

245 2365 408 2450 quondam
422 2369 532 2431 lenuit
546 2366 585 2431 ds
599 2388 687 2452 rege.

290 2504 481 2568 Hamondus
506 2505 683 2592 lestrange
707 2509 801 2570 {anat
827 2507 1072 2575 Ouuswonnnm
1096 2528 1156 2592 pro
1179 2507 1224 2571 di.
1240 2506 1263 2570 f.
1280 2507 1366 2592 quod
1381 2504 1549 2570 Johannes
1565 2506 1745 2588 Lastrange

247 2593 410 2677 quondam
426 2593 536 2657 tenuit
551 2593 592 2656 de
607 2613 693 2676 rege.
772 2613 774 2618 ·

290 2726 467 2794 Nioholaus
482 2731 522 2795 ds
539 2730 687 2809 Sousord,
702 2733 758 2815 qui
774 2735 824 2794 esi
839 2733 874 2794 in
889 2732 1042 2796 custodia
1056 2732 1180 2796 domini
1197 2732 1295 2817 regis,
1311 2736 1405 2796 tenet
1422 2731 1576 2801 Sousonu
1587 2751 1646 2814 pro
1661 2729 1707 2794 di.
1723 2729 1746 2796 f.

247 2817 333 2900 quod
348 2816 505 2882 Ricardus
521 2819 561 2882 da
577 2817 714 2882 Sonford
729 2819 890 2902 quondam
906 2821 1015 2883 tenuit
1030 2819 1070 2883 da
1087 2840 1171 2904 rege.

254 2980 257 2988 ·
289 2951 429 3018 Thomas
452 2953 494 3019 de
521 2953 645 3019 Stuohe
668 2960 703 3021 et
729 2955 828 3040 Hngo
853 2955 894 3019 de
920 2956 1020 3022 Hulle
1043 2962 1159 3020 tenant
1182 2956 1444 3023 Wnouansuows
1468 2976 1527 3039 pro
1550 2953 1597 3020 di.
1614 2956 1637 3018 f.
1662 2932 1748 3040 quod

247 3038 346 3126 Hugo
361 3041 400 3125 da
416 3041 651 3107 Wlonkeslowe
665 3043 828 3128 quondam
844 3045 954 3108 tenuit·
968 3045 1007 3108 de
1021 3064 1107 3129 naga.
1167 3053 1171 3059 '

291 3177 431 3243 Thomas
455 3179 497 3242 ds
524 3178 700 3244 Oherinton
725 3185 816 3243 tenet
843 3181 1040 3248 Osnsmuon
1055 3200 1114 3265 pro
1130 3184 1246 3265 quarta
1260 3186 1354 3263 parte
1370 3182 1395 3267 j.
1412 3181 1434 3244 f.
1450 3180 1537 3265 qnod
1553 3178 1696 3245 Thomas
1710 3134 1750 3244 da

250 3263 427 3330 Chesinton
440 3267 607 3350 quondam
622 3269 731 3331 tonuit
747 3267 786 3330 ds
801 3287 888 3352 rege.
1119 3300 1122 3302 v

292 3404 454 3470 Johannes
477 3406 518 3471 ds
541 3404 700 3470 Warenne
724 3410 817 3470 tanet
840 3405 1035 3473 Iussusnun
1060 3426 1118 3489 pro
1141 3409 1256 3469 octava
1281 3409 1374 3489 parte
1398 3405 1422 3470 f.
1438 3403 1527 3489 quod
1549 3403 1693 3489 Rogatus
1708 3405 1748 3467 de

197 3533 198 3538 κ
250 3489 415 3577 Ightefsld
430 3493 592 3579 quondam
609 3494 719 3558 tenuit
734 3494 773 3557 de
789 3513 875 3578 rago.

291 3627 457 3694 ‚Iohannes
482 3630 615 3695 Etleton
642 3635 734 3695 tenet
758 3629 919 3697 Eaunsou
944 3650 1001 3713 pro
1027 3630 1158 3693 deoima
1187 3635 1282 3712 parts
1312 3629 1334 3713 j.
1360 3628 1383 3695 s.
1410 3627 1496 3712 quod
1521 3627 1681 3692 Robertim
1707 3628 1747 3692 de

250 3715 381 3780 Erlalon
399 3718 563 3800 quondam
580 3719 690 3782 tenuit
705 3719 744 3782 da
759 3738 847 3800 rege.
1130 3758 1132 3762 -

293 3853 400 3920 Abbas
415 3855 455 3920 da
467 3854 698 3920 'Cumbramere
713 3860 804 3919 tanet
820 3855 1022 3922 Cunsuuunn
1037 3855 1071 3918 in
1086 3873 1202 3938 puram
1218 3860 1254 3917 el
1268 3858 1463 3938 perpetuam
1477 3851 1693 3919 elimosinam.

294 3999 401 4065 Abbas
416 3999 455 4064 da
471 3998 642 4064 Lilleshull
656 4003 749 4064 tanet
766 3999 878 4067 Counn
894 4000 1032 4066 Hannon
1047 4001 1082 4062 in
1099 4019 1215 4083 puram
1230 4003 1265 4063 el
1278 4003 1471 4084 perpetuam
1484 4000 1699 4064 elimosinam.

296 4144 480 4209 willelmus
506 4145 537 4209 la
565 4145 703 4208 Butiller
727 4151 822 4209 tanei
847 4146 984 4213 Wusffln
1015 4149 1050 4210 et
1080 4145 1260 4211 Hmsuons
1290 4165 1348 4228 pro
1373 4143 1400 4227 j.
1426 4144 1450 4208 f.
1479 4143 1520 4208 de
1548 4144 1681 4208 baronia
1710 4143 1750 4208 da

250 4231 408 4311 Wamme‚
422 4233 509 4316 qnod
524 4232 622 4318 Ilugo
637 4231 798 4296 Panntulf
809 4233 974 4316 quondam
990 4232 1099 4295 tenuit
1114 4231 1154 4294 de
1169 4252 1258 4315 rege.
1585 4260 1591 4276 ι

293 4367 453 4434 Rioardns
476 4370 517 4434 da
545 4358 657 4454 Upton
682 4358 717 4435 st
739 4371 916 4454 participes
947 4370 998 4432 sni
1028 4373 1144 4440 tenent
1167 4369 1282 4435 Umon
1306 4368 1450 4435 Wsnnss
1474 4388 1531 4451 pro
1559 4368 1586 4454 j.
1612 4368 1635 4432 f.
1663 4368 1750 4452 quod

253 4457 415 4522 walterus
429 4457 469 4522 da
485 4455 595 4542 Upton
612 4459 775 4541 quondam
790 4459 900 4520 tonuit
914 4457 955 4520 ds
970 4455 1084 4520 eadem
1098 4456 1243 4519 baronia.

292 4592 314 4656 J
315 4593 458 4656 ohannes
475 4595 516 4657 de
533 4594 638 4678 Eyton
654 4600 747 4659 tanat
763 4594 878 4659 Elisos
896 4613 1001 4658 suasu
1015 4593 1227 4660 Wunuuonn
1244 4611 1299 4676 pro
1322 4591 1347 4677 j.
1364 4588 1388 4654 l.
1401 4592 1486 4674 quod
1502 4591 1687 4656 willelmus
1710 4594 1751 4656 de

253 4679 361 4779 Eyton
376 4681 540 4784 quondam
555 4683 664 4746 tonuit
679 4681 717 4744 de
733 4683 846 4744 eadem
861 4681 1003 4745 baronia.

295 4817 480 4881 Willelmns
509 4817 549 4882 da
577 4817 759 4901 'litlenleye
788 4823 881 4882 tenet
911 4817 1105 4885 Consussnn
1134 4837 1191 4900 pro
1220 4817 1266 4882 di.
1280 4816 1405 4901 f..quod
1435 4814 1628 4900 Radulphus
1659 4807 1752 4881 Crass

258 4899 390 4991 [Graas]
412 4906 573 4990 quondam
590 4906 700 4970 lenuit
714 4907 755 4969 ds
771 4905 884 4968 eadem
899 4905 1042 4971 baronis.

218 5119 222 5126 Ι
297 5042 463 5120 limandus,
477 5063 581 5106 nomes
598 5041 786 5106 Arundsllie
807 5039 881 5127 [pro
902 5039 1052 5105 iohanne
1076 5038 1222 5127 Morten]
1243 5046 1277 5105 et
1300 5040 1444 5126 Rogatus
1457 5041 1500 5105 de
1527 5040 1644 5125 Ooleye
1659 5049 1752 5106 tanet

253 5129 402 5284 affl?
415 5137 450 5195 et
465 5129 680 5268 Tssuouuuou
694 5149 753 5214 pro
767 5129 792 5215 j.
809 5131 830 5192 f.
847 5127 932 5214 qnod
948 5129 1071 5193 Alanus
1085 5129 1248 5192 Paunlulf
1258 5130 1422 5212 qnondam
1436 5130 1546 5257 {sunit
1570 5129 1610 5192 de
1635 5129 1750 5193 eadem

295 5356 417 5421 Alanus
441 5355 481 5420 de
507 5351 681 5420 Charleton
708 5359 801 5418 tenes
814 5354 1023 5421 Wmnnsnuo
1039 5351 1187 5419 Massam
1203 5372 1259 5435 pro
1274 5353 1320 5419 di.
1336 5353 1359 5418 f.
1376 5352 1464 5438 quod
1478 5353 1662 5417 Willslmus
1677 5353 1753 5417 Fita

254 5439 332 5507 Hair
346 5443 509 5529 quondam
526 5443 636 5508 tonuit
651 5443 691 5506 de
708 5441 824 5507 eadem
839 5441 980 5506 baronia.
