4117 6209
893 647 974 717 ul).
1000 655 1097 719 1428.
1679 651 1740 720 135

288 935 336 998 De
352 935 533 1022 Reginaldo
547 934 691 1000 Cobham
706 957 763 1021 pro
778 937 824 1001 di.
838 935 863 1002 f.
880 939 915 1000 in
932 938 1110 1005 Sunnsoan
1125 937 1166 1002 de
1181 939 1238 1001 illo
1253 937 1276 1002 f.
1292 944 1325 1002 et
1341 940 1384 1005 di.
1401 961 1463 1023 que
1486 941 1585 1024 Hugo
1610 940 1746 1002 Bardoli

245 1028 278 1088 et
292 1025 397 1087 Adam
422 1025 463 1088 de
488 1023 717 1108 Everyngham
744 1025 906 1110 quondam
922 1030 1100 1090 tenuerunt
1115 1031 1149 1090 et
1164 1027 1250 1109 quod
1265 1027 1287 1090 J
1288 1026 1429 1090 ohannes
1443 1026 1579 1090 Bardolf
1591 1033 1624 1090 et
1639 1027 1743 1088 Adam

243 1113 283 1175 de
297 1108 523 1197 Everyngham
538 1131 641 1194 nuper
655 1117 833 1176 tennerunt
1544 1113 1623 1198 iije.
1640 1113 1740 1198 iiij.d.

287 1258 471 1324 Oneraniur
487 1279 586 1342 super
599 1264 787 1344 compotum
801 1261 842 1324 de
854 1259 924 1345 xiij.
935 1284 960 1326 a.
977 1260 1037 1346 iiij.
1048 1263 1079 1326 d.
1096 1281 1153 1344 pro
1162 1261 1198 1348 ij.
1210 1261 1233 1326 f.
1245 1263 1280 1324 in
1293 1262 1453 1330 Onrssros
1465 1266 1500 1324 et
1511 1262 1740 1336 Basrsorcun

243 1368 305 1432 que
321 1345 472 1410 Oliverus
487 1347 673 1429 Deyncourt
687 1347 852 1431 quondam
867 1351 977 1412 tenuit
1009 1389 1425 1400 -----
1515 1348 1585 1433 xiij.
1596 1373 1621 1413 s.
1637 1348 1699 1433 iiij.
1710 1349 1741 1412 d..

286 1495 337 1558 De
351 1496 458 1579 priore
472 1495 512 1558 de
525 1493 727 1581 Thurgerton
743 1517 802 1581 pro
817 1497 917 1559 tercia
931 1504 1024 1579 parte
1038 1497 1063 1583 j.
1078 1495 1102 1562 f.
1120 1498 1155 1558 in
1171 1497 1249 1560 villa
1263 1498 1303 1560 de
1320 1497 1530 1574 Kcnsusrou,
1547 1496 1633 1582 quod
1647 1494 1742 1559 libari

243 1589 392 1646 tenentes
406 1583 556 1646 villarum
571 1584 610 1646 de
625 1583 804 1647 Kenalston
818 1589 853 1648 et
868 1583 1037 1669 Hikelyng
1052 1583 1216 1667 quondam
1231 1589 1407 1647 tenuerunt
1455 1584 1525 1668 ijs.
1543 1584 1578 1668 ij.
1588 1585 1618 1648 d.
1636 1585 1682 1648 ob.
1699 1587 1741 1666 (Γ.

287 1730 469 1794 Onerantur
494 1753 590 1816 super
615 1739 802 1816 compotum
829 1732 869 1796 de
895 1730 977 1818 vj..s
1004 1731 1118 1818 viijc.
1144 1752 1202 1816 pro
1225 1732 1248 1816 j.
1265 1733 1287 1796 f.
1314 1732 1349 1793 in
1377 1732 1443 1796 K1a
1470 1731 1633 1808 Konsron,
1658 1730 1744 1816 quod

244 1818 403 1882 Robertus
418 1819 568 1882 Lovetoft
584 1818 747 1904 quondam
764 1822 933 1883 tenuit·
1023 1860 1034 1869 -
1127 1851 1137 1861 -
1229 1859 1239 1870 -
1331 1859 1341 1870 -
1433 1859 1443 1870 -
1532 1818 1614 1902 vj.a.
1630 1819 1743 1902 viij.d.

288 1965 471 2030 Onerantur
499 1988 596 2052 super
624 1972 810 2050 compotum
839 1966 879 2031 de
908 1967 989 2052 vis.
1019 1967 1135 2053 viiju
1165 1986 1221 2050 pro
1250 1967 1274 2053 j.
1305 1966 1328 2031 f.
1361 1967 1393 2029 in
1432 1967 1627 2044 Furnrssrr,
1658 1966 1745 2048 quod

247 2053 472 2118 Nicholausde
488 2054 681 2138 Wycheford
696 2055 859 2138 quondam
876 2055 985 2118 tenuit
1025 2095 1035 2106 -
1127 2095 1137 2105 -
1229 2095 1237 2104 -
1329 2095 1339 2105 -
1430 2095 1440 2105 -
1529 2055 1612 2138 vj.s.
1629 2053 1743 2139 viiju.

287 2204 335 2268 De
363 2240 496 2252 ——-
523 2224 581 2288 pro
602 2205 626 2289 j.
649 2204 672 2268 f.
696 2205 730 2266 in
754 2205 999 2283 Honsswourn,
1026 2204 1112 2288 quod
1140 2201 1330 2287 Radulphus
1354 2203 1441 2266 filius
1464 2201 1555 2265 Petri
1581 2202 1745 2284 quondam

244 2293 352 2355 tenuis
412 2330 1439 2344 ...........
1528 2290 1560 2376 vj
1566 2340 1573 2354 ,
1584 2313 1610 2354 8.
1627 2289 1698 2375 viij
1712 2291 1744 2354 d,

288 2439 472 2502 Onerantur
485 2460 581 2522 super
595 2443 783 2524 compotum
798 2438 838 2503 de
853 2439 901 2524 iij.
914 2462 939 2504 s.
955 2438 1016 2526 iiij
1026 2440 1058 2503 d.
1074 2459 1131 2522 pro
1147 2437 1324 2500 medietate
1339 2437 1363 2522 j.
1381 2437 1402 2500 f.
1419 2436 1454 2498 in
1472 2436 1643 2512 Cerceios,
1660 2433 1747 2517 quod

247 2525 671 2611 WiilelmusdeByngham
687 2527 973 2612 quondemtenuit
1034 2566 1045 2576 -
1136 2566 1146 2576 -
1238 2566 1248 2576 -
1340 2565 1351 2574 -
1442 2564 1452 2574 -
1542 2522 1746 2608 iij.s.iiij.d.

289 2673 473 2739 Onerantur
486 2695 582 2758 super
596 2679 784 2757 compotum
800 2673 841 2736 de
855 2673 904 2760 iij.
914 2697 940 2738 a.
955 2673 1016 2759 iiij.
1027 2673 1059 2737 d.
1077 2693 1134 2756 pro
1148 2673 1194 2735 di.
1210 2671 1233 2733 f.
1249 2675 1284 2734 in
1300 2672 1449 2748 Bornos,
1473 2668 1559 2754 quod
1586 2666 1748 2730 Roberius

246 2760 375 2825 Burdon
390 2762 554 2846 quondam
570 2763 690 2839 tenuit,
707 2782 811 2844 nuper
825 2767 977 2825 oneratus
992 2780 1089 2844 super
1103 2763 1291 2842 compotum
1315 2779 1372 2842 per
1393 2756 1576 2820 evidencias
1597 2755 1747 2817 scaccarii

245 2868 330 2910 anno
343 2859 422 2911 xxmo
439 2847 590 2912 Edwardi
605 2849 699 2912 tercii
733 2889 744 2899 -
834 2888 846 2899 -
937 2887 948 2899 -
1038 2887 1049 2898 -
1140 2887 1150 2897 -
1443 2884 1454 2894 -
1543 2841 1629 2927 iij.a.
1646 2840 1747 2926 iiij.‹l.

291 2995 475 3060 Onerantur
500 3017 596 3081 super
622 3001 810 3082 compotum
835 2998 875 3061 de
901 2996 988 3083 iij.s.
1016 2996 1122 3084 iiij.d.
1148 2995 1189 3058 de
1220 2993 1360 3078 Hugone
1393 2992 1478 3055 Hose
1508 3011 1565 3075 pro
1595 2991 1638 3054 di.
1664 2990 1686 3052 f.
1714 2989 1747 3051 in

245 3083 438 3161 anrnsu,
455 3085 544 3167 quod
559 3086 659 3170 Hugo
676 3086 795 3163 Hosea,
809 3090 991 3148 antecessor
1007 3105 1095 3162 suus,
1109 3083 1271 3166 quondam
1288 3080 1397 3144 tenuia
1442 3119 1453 3131 -
1543 3075 1628 3163 iij.a.
1646 3076 1747 3160 iiiju.

730 3232 897 3296 feodorum
909 3232 1049 3317 :-xxrj.
1066 3229 1090 3294 f.
1106 3230 1129 3315 j.
1146 3227 1345 3314 quarterium
1361 3225 1385 3312 j.
1401 3225 1424 3289 f.

545 3276 680 3341 Summa
730 3317 1113 3404 denmomm3„vfij,li‚
1130 3337 1218 3380 xm.

697 3607 917 3672 Hosnancusr
939 3625 983 3670 nn
1005 3598 1300 3670 RISSHCLYVE.

293 3774 342 3838 De
356 3775 504 3840 Johanne
520 3775 587 3838 Gra
601 3795 658 3858 pro
673 3773 699 3860 j
716 3775 738 3840 f.
755 3776 789 3837 in
804 3774 1076 3850 Woonunanonn,
1093 3771 1179 3854 quod
1195 3767 1339 3854 Rogatus
1357 3764 1448 3829 Beier
1464 3762 1627 3937 quonga?
1640 3759 1752 3935 &Subi

293 3999 342 4064 De
367 3999 523 4065 Gervesio
548 3997 671 4064 crinon
697 4019 755 4082 pro
776 3999 820 4063 di.
835 3998 859 4064 f.
884 3999 917 4060 in
935 3998 1092 4073 Coranos,
1110 3995 1284 4072 Winsouo,
1301 3992 1521 4058 Barconroao
1538 3994 1572 4051 et
1590 3988 1750 4065 Sossios,

250 4088 332 4170 quod
350 4087 524 4151 Gervasius
538 4086 673 4164 Chaon,
687 4091 870 4151 antecessor
884 4105 970 4165 suus,
986 4084 1152 4167 quondam
1169 4083 1278 4146 tenuit
1338 4120 1350 4131 -
1441 4118 1451 4128 -
1540 4075 1626 4162 iij.s.
1644 4074 1752 4160 iiij.d.

293 4224 342 4288 De
355 4225 497 4290 Henrioo
511 4224 681 4308 Perpount
696 4245 753 4308 pro
768 4223 813 4289 di.
826 4224 849 4288 f.
862 4224 897 4285 in
912 4223 1047 4299 Honnc,
1057 4219 1144 4304 quod
1156 4217 1349 4281 Edmuudus
1362 4214 1538 4299 Perpount‚
1550 4210 1753 4292 predecessor

251 4312 639 4396 suus‚quondamienuit
733 4352 744 4362 -
836 4351 846 4362 -
937 4350 947 4360 -
1040 4349 1050 4358 -
1140 4347 1151 4357 -
1443 4341 1455 4354 ·
1544 4298 1630 4384 iiis.
1648 4297 1753 4381 iiij.d.

292 4448 340 4513 De
355 4449 528 4533 Radulpho
545 4447 716 4534 Byugham
731 4455 767 4513 et
780 4448 931 4513 Johanue
946 4442 1191 4527 Wodemerpole
1207 4462 1265 4525 pro
1279 4441 1328 4527 iij.
1345 4438 1491 4523 partibus
1511 4441 1545 4500 et
1568 4434 1643 4518 viij·
1663 4437 1755 4517 parte

245 4535 274 4619 j.
289 4535 313 4603 f.
328 4536 369 4600 de
384 4537 441 4600 illo
456 4537 550 4600 feodo
564 4538 599 4598 in
613 4537 777 4615 Wrsnow,
794 4555 873 4620 quas
888 4533 1046 4596 Ricardus
1061 4530 1204 4595 Poutrell
1221 4529 1383 4612 quondam
1400 4525 1510 4588 tenuit
1597 4543 1627 4586 v.
1639 4545 1665 4586 s.
1682 4543 1712 4584 x.
1722 4521 1754 4586 d.

293 4675 342 4739 De
356 4675 475 4740 abbate
489 4673 531 4738 de
546 4673 721 4738 Gerondon
736 4694 794 4758 pro
808 4673 882 4756 viij·
903 4678 993 4756 parte
1008 4671 1137 4734 residua
1149 4668 1295 4757 ejusdem
1311 4665 1407 4742 feodi,
1417 4663 1502 4748 quod
1519 4660 1616 4725 abbas
1631 4659 1754 4723 ibidem

251 4764 412 4846 quondam
428 4763 537 4826 tenuit
868 4766 870 4769 ’
1340 4750 1443 4815 nichil
1457 4750 1536 4834 quia
1550 4745 1753 4811 decimabile.

294 4900 342 4964 De
357 4900 483 4964 Thomu
497 4899 617 4985 Darley
632 4905 666 4964 et
681 4900 822 4985 Hugone
837 4899 1067 4981 Armestronge
1082 4914 1139 4978 pro
1154 4893 1198 4957 di.
1216 4891 1240 4958 f.
1256 4894 1291 4955 in
1319 4891 1434 4956 Trione
1457 4909 1492 4954 ΙΝ
1515 4883 1756 4985 (ὶῳΒιεζιςὶιιοά

250 4986 414 5052 Johaunas
431 4987 549 5071 Darley
562 4987 728 5070 quondam
744 4987 851 5050 tenuit
936 5024 947 5036 -
1039 5022 1049 5032 -
1141 5022 1151 5032 -
1243 5019 1254 5030 -
1346 5018 1357 5028 -
1448 5016 1459 5026 -
1548 4972 1756 5057 irj.s.111].d.

294 5123 342 5188 De
358 5123 508 5189 Johanne
524 5125 637 5208 Bowys
651 5144 711 5209 pro
726 5125 762 5211 ij.
778 5123 925 5208 partibus
940 5127 976 5184 et
990 5121 1039 5182 xl·
1061 5125 1153 5203 parte
1177 5116 1267 5180 illius
1290 5116 1336 5180 di.
1352 5114 1374 5178 f.
1404 5115 1438 5175 in
1467 5113 1757 5209 Coarcusosrons,

251 5212 336 5292 qood
351 5212 519 5276 Johannes
534 5213 658 5296 Bowys,
674 5219 856 5276 antecessor
871 5229 960 5288 suus,
976 5208 1140 5293 quondam
1157 5205 1267 5268 tenuit
1360 5242 1371 5253 -
1461 5237 1472 5250 ·
1560 5217 1628 5279 1].a.
1646 5195 1757 5274 and.

292 5347 340 5414 De
356 5349 476 5413 abbate
489 5348 530 5414 de
544 5349 717 5414 Gerondon
733 5369 790 5432 pro
804 5348 922 5432 quinta
936 5349 1029 5429 parte
1046 5350 1081 5408 et
1096 5343 1141 5406 xl·
1164 5345 1259 5426 parte
1275 5338 1415 5402 residuis
1429 5335 1471 5398 de
1486 5332 1599 5395 eodem
1615 5329 1659 5392 di.
1677 5328 1713 5429 f..

1343 5421 1446 5487 nichil
1461 5419 1540 5504 quia
1555 5415 1758 5480 decimabrle.
