4117 6209
296 655 366 720 4³0
926 660 1177 730 sounnflnn.

293 945 470 1009 Alexandri
491 945 576 1025 Brit,
599 947 733 1011 Henrici
756 948 890 1032 Sparke,
912 949 1074 1017 Willelmi
1096 950 1240 1029 Frsvvde,
1260 949 1418 1013 Johannis
1440 947 1611 1033 Pyppyng,
1634 944 1794 1010 Johannis

297 1031 503 1118 Strotynger‚
547 1032 705 1099 Johannis
749 1034 919 1121 Stephens,
963 1042 998 1103 et
1041 1036 1199 1102 Johannis
1242 1037 1400 1122 Paulyne‚
1442 1037 1500 1119 qui
1544 1035 1658 1098 dicunt
1701 1054 1795 1117 super

295 1127 534 1185 sacramentum
549 1142 644 1186 snum
659 1124 743 1206 qnod
757 1149 811 1189 :-

338 1283 542 1362 Elisabeths,
563 1285 694 1349 domina
726 1287 766 1349 de
798 1287 1003 1371 Hsryngton,
1034 1288 1073 1351 de
1097 1286 1251 1351 Porlccke
1282 1288 1316 1350 in
1339 1288 1500 1351 comitatu
1523 1283 1716 1361 Somersete,
1738 1283 1793 1347 die

294 1370 428 1435 Veneris
457 1374 605 1456 proxima
635 1380 713 1437 ante
746 1374 867 1437 festum
899 1374 1011 1438 Sancti
1046 1374 1179 1439 Hillsrii
1211 1375 1390 1458 proximum
1424 1373 1611 1437 antediem
1633 1372 1795 1455 capcionis

296 1456 392 1543 hujus
425 1459 659 1543 inquisit-ionis,
681 1460 747 1523 init
777 1464 890 1525 seisita
921 1463 956 1525 in
987 1462 1150 1525 dominico
1182 1483 1250 1541 suo,
1274 1467 1312 1524 ut
1347 1462 1388 1526 de
1410 1460 1513 1525 libero
1533 1464 1733 1536 tenemento,
1754 1457 1795 1521 de

294 1547 437 1609 manerio
457 1548 497 1610 de
513 1548 686 1613 Ponnocnn
708 1569 783 1611 cum
804 1550 1018 1631 pertinenciis
1041 1551 1106 1612 suis
1128 1557 1160 1613 et
1184 1548 1267 1612 illud
1290 1550 1470 1613 manerium
1492 1568 1567 1610 cum
1589 1546 1796 1631 pertinenciis

294 1634 362 1696 suis
376 1634 487 1697 tenuit
501 1654 559 1719 per
573 1637 744 1699 servicium
760 1637 947 1700 medietatis
961 1637 985 1722 j.
1001 1636 1024 1701 i.
1040 1658 1085 1702 m.

337 1769 511 1834 Edvsrdus
536 1771 674 1857 Sentjon
697 1772 736 1835 de
758 1774 850 1839 West
874 1773 1055 1836 Luccombe
1077 1775 1110 1835 in
1137 1774 1295 1837 comitatu
1329 1772 1526 1850 Somersete,
1557 1770 1707 1854 armiger,
1728 1767 1792 1833 fuit

294 1858 423 1921 seisitus
443 1866 505 1922 etc.
521 1858 563 1921 de
584 1860 680 1923 cert-is
703 1861 797 1923 terris
818 1866 853 1923 et
874 1863 1075 1925 tenementis
1097 1862 1131 1924 in
1154 1861 1223 1926 Esr
1239 1860 1429 1937 ancounu,
1446 1866 1480 1923 et
1500 1859 1613 1922 eadem
1635 1862 1738 1921 terras
1759 1863 1794 1920 et

292 1950 483 2009 tenementa
496 1948 604 2010 tenuit
619 1967 676 2030 per
692 1949 863 2011 servicium
877 1949 1067 2013 medietatis
1082 1948 1106 2033 j.
1122 1948 1145 2013 f.
1162 1970 1207 2013 m.

337 2080 478 2146 'ihomas
500 2082 677 2168 Copuiston
698 2085 738 2149 ds
761 2085 852 2153 West
868 2086 1050 2149 Luccombe
1072 2088 1106 2149 in
1122 2086 1282 2148 comitatu
1299 2085 1495 2163 Somersete,
1511 2083 1713 2167 gentelman,
1729 2082 1793 2145 fuit

291 2171 418 2234 seisitus
439 2178 502 2236 etc.
525 2172 565 2236 de
587 2174 685 2235 certis
706 2174 800 2235 terris
822 2176 857 2236 et
879 2174 1078 2237 tenementis
1100 2173 1135 2235 in
1159 2173 1258 2240 Wssv
1282 2172 1472 2250 Luccounn,
1496 2177 1531 2233 et
1553 2169 1667 2233 eedem
1690 2174 1793 2233 terras

291 2262 324 2319 et
341 2264 530 2322 tenementa
544 2260 653 2323 tenuit
670 2280 729 2344 per
745 2260 916 2324 servicium
932 2262 957 2346 j.
973 2260 997 2326 f.
1012 2282 1058 2326 m.

335 2392 508 2459 Themesin
530 2396 666 2480 Otterey
688 2398 729 2460 de
752 2396 878 2480 Upcote
899 2399 934 2461 in
957 2399 1118 2461 comitatu
1142 2397 1337 2475 Somersete,
1360 2394 1490 2472 vvedovv,
1511 2393 1577 2456 fuit
1599 2393 1708 2456 seisita
1729 2398 1792 2459 etc.

292 2483 453 2547 desertis
481 2480 608 2571 [terris]
636 2490 670 2548 et
692 2486 891 2548 tenementis
912 2486 947 2547 in
971 2486 1163 2563 Hormus,
1187 2490 1221 2549 et
1253 2484 1367 2547 eadem
1400 2489 1503 2546 terras
1537 2486 1571 2545 et
1604 2484 1793 2543 tenemente

291 2571 403 2633 tenuit
418 2590 475 2653 per
489 2571 660 2635 servicium
676 2571 864 2635 medietatis
877 2572 901 2657 j.
919 2572 941 2637 f.
957 2594 1003 2638 m.

339 2707 508 2785 walterus,
530 2708 682 2772 dominus
714 2709 755 2773 de
787 2710 1008 2795 Hungerford,
1031 2711 1071 2773 de
1105 2709 1218 2773 Fsrlee
1248 2710 1283 2771 in
1317 2708 1478 2771 comitatu
1512 2706 1695 2773 Somersete
1727 2706 1793 2769 fuit

293 2795 423 2858 saisitus
454 2806 517 2861 etc.
542 2796 582 2860 de
615 2798 716 2860 certis
748 2800 844 2861 terris
876 2804 911 2861 et
943 2800 1142 2861 tenementis
1165 2799 1199 2858 in
1223 2795 1370 2863 Wunrou
1393 2795 1601 2872 Oonnnnnsv,
1624 2798 1658 2857 et
1679 2793 1792 2857 eadem

294 2889 395 2947 terras
409 2888 442 2946 et
457 2889 649 2947 tenementa
664 2885 775 2947 tenuit
789 2904 847 2967 per
862 2886 1034 2949 servicium
1050 2886 1238 2949 medietatis
1253 2884 1278 2970 j.
1294 2882 1317 2947 f.
1335 2904 1379 2948 m.

335 3020 475 3084 Domina
507 3022 666 3087 Katerina
696 3022 843 3086 Luterell
875 3023 914 3086 de
945 3024 1004 3087 Est
1036 3021 1302 3087 Gontokkeshede
1333 3022 1368 3083 in
1401 3019 1561 3083 comitatu
1594 3017 1789 3098 Somersete,

290 3108 417 3189 sedon,
434 3109 500 3171 init
520 3111 631 3173 seisita
652 3115 714 3175 etc.
729 3110 770 3173 de
791 3112 888 3173 certis
910 3112 1006 3173 terris
1027 3117 1063 3174 et
1085 3111 1282 3175 tenementis
1304 3109 1339 3170 in
1355 3107 1537 3187 Mvnnvnn,
1553 3112 1587 3169 et
1608 3105 1666 3169 ilia
1688 3112 1792 3171 terras

289 3202 323 3261 et
338 3202 528 3261 tenementis
543 3198 654 3261 tenuit
668 3218 727 3279 per
741 3198 914 3262 servicium
928 3198 953 3284 j.
970 3198 992 3263 i.
1008 3221 1054 3264 m.
1069 3204 1105 3261 et
1120 3206 1235 3283 quarte
1249 3197 1351 3279 partis
1365 3196 1390 3281 j.
1407 3196 1429 3259 f.

335 3335 452 3399 Petrus
475 3334 559 3418 Frye
581 3336 622 3400 de
645 3334 889 3421 Kyngebrugge
911 3336 947 3400 in
968 3338 1129 3400 comitatu
1145 3336 1297 3415 Devonie,
1313 3334 1466 3418 armiger,
1481 3332 1546 3394 tuit
1568 3332 1703 3396 seisitus
1725 3337 1788 3397 etc.

291 3423 332 3486 de
354 3424 453 3486 certis
474 3424 568 3486 terris
590 3429 624 3486 et
644 3426 843 3486 tenementis
864 3424 898 3485 in
924 3424 1109 3503 sessuros,
1132 3432 1167 3488 et
1188 3424 1247 3487 illa
1268 3430 1368 3485 terras
1390 3428 1426 3485 et
1457 3424 1649 3483 tenements
1681 3420 1790 3483 tenuit

291 3531 349 3594 per
363 3510 534 3573 servicium
550 3509 738 3573 medietatis
751 3511 776 3596 j.
791 3509 814 3575 f.
830 3532 876 3576 m.

334 3644 474 3707 Domina
494 3642 645 3706 Jobsnns
668 3642 775 3707 Broke
795 3645 836 3708 de
859 3644 1022 3708 Holdiche
1044 3646 1078 3707 in
1101 3646 1263 3707 comitatu
1276 3641 1428 3719 Devonie,
1445 3638 1574 3715 vedovv,
1591 3639 1658 3702 fuit
1680 3638 1793 3701 seisits

291 3738 354 3796 etc.
378 3731 418 3794 de
450 3733 547 3794 certis
577 3732 672 3794 terris
705 3741 740 3793 et
770 3734 970 3795 tenementis
1000 3734 1035 3794 in
1059 3735 1182 3809 Avens,
1206 3736 1241 3794 et
1273 3730 1386 3793 eadem
1416 3734 1516 3791 terras
1548 3734 1582 3790 et
1604 3731 1793 3789 tenementn

291 3821 400 3881 tenuit
416 3838 471 3901 per
487 3819 660 3882 servicium
675 3818 867 3883 medietatis
879 3820 904 3904 j.
921 3819 944 3882 i.
959 3841 1006 3885 m.

334 3953 490 4018 Ricardus
511 3954 680 4018 Percevsle
701 3954 742 4018 de
764 3955 898 4023 Weston
922 3956 956 4019 in
978 3958 1138 4019 comitatu
1163 3955 1356 4033 Somersete,
1379 3952 1530 4036 armiger,
1561 3948 1628 4013 fuit
1661 3950 1792 4013 scisitus

290 4055 353 4108 eto.
375 4041 417 4105 de
438 4042 534 4105 certis
555 4044 649 4105 terris
671 4048 705 4105 et
728 4043 923 4107 tenementis
944 4044 979 4106 in
1002 4044 1180 4123 Bnrnoonn
1204 4049 1238 4107 et
1259 4042 1371 4106 eedem
1402 4046 1504 4104 terras
1535 4044 1570 4101 et
1602 4047 1793 4101 tenements

291 4131 400 4194 tenuit
412 4148 469 4212 per
484 4130 653 4192 servicium
668 4129 858 4193 medietatis
872 4130 898 4215 j.
914 4129 938 4195 f.
954 4152 1001 4197 m.

335 4266 515 4330 Alexander
540 4266 635 4329 Anne
657 4266 699 4329 de
722 4266 883 4350 Hskeney
907 4268 943 4331 in
965 4268 1126 4331 comitatu
1149 4265 1373 4341 Middleserie,
1397 4264 1550 4347 armiger,
1575 4260 1640 4324 iuit
1661 4261 1794 4325 seisitus

290 4361 353 4420 etc.
377 4354 418 4417 de
440 4354 537 4417 certis
560 4355 652 4417 terris
673 4360 709 4417 et
729 4356 928 4418 tenementis
950 4358 985 4419 iu
1008 4356 1248 4432 Wrnnncouns,
1272 4360 1304 4416 et
1328 4352 1385 4414 ills
1407 4358 1506 4414 terras
1539 4354 1574 4412 et
1605 4353 1795 4412 tenementa

290 4444 400 4508 tenuit
415 4462 472 4525 per
486 4442 660 4504 servicium
674 4442 864 4505 medietatis
878 4443 902 4527 j.
919 4443 942 4508 f.
959 4464 1005 4508 m.

335 4578 520 4646 Willelmus
542 4576 660 4641 Paltcn
682 4578 723 4641 de
747 4578 968 4665 Umberleygh
990 4580 1025 4641 in
1048 4578 1208 4641 comitatu
1230 4575 1385 4651 Devonie,
1406 4572 1559 4649 chivaler,
1576 4572 1641 4635 fuit
1663 4572 1794 4635 seisitus

289 4672 352 4732 etc.
376 4666 417 4728 de
439 4666 537 4729 certis
559 4665 654 4728 terris
674 4672 708 4729 et
730 4668 929 4730 tenementis
950 4668 984 4729 in
1008 4667 1250 4743 Wrruncouss,
1286 4670 1321 4726 et
1342 4662 1400 4724 ilis
1422 4666 1524 4724 terras
1546 4666 1581 4723 et
1604 4666 1793 4722 tenementa

291 4754 399 4817 tenuit
413 4773 470 4837 per
484 4753 659 4816 servicium
674 4753 866 4816 medietatis
879 4754 905 4839 j.
922 4754 946 4818 f.
962 4775 1008 4819 m.

334 4878 495 4943 Abunde
510 4876 610 4960 Olyva
633 4886 667 4942 et
688 4887 866 4942 conventus
887 4880 1011 4944 ibidem
1033 4882 1068 4943 in
1084 4882 1246 4944 comitstu
1264 4878 1446 4946 Somersete
1462 4874 1594 4936 fuerunt
1610 4872 1714 4936 seiviti
1729 4878 1792 4938 etc.

291 4970 332 5033 de
353 4966 451 5031 certis
472 4966 568 5030 terris
588 4971 622 5030 et
645 4968 845 5030 tenementis
866 4968 902 5029 in
925 4969 966 5031 de
984 4970 1053 5046 (sic)
1074 4968 1280 5045 srunnsnn,
1296 4972 1331 5028 et
1346 4964 1404 5027 illa
1423 4968 1526 5025 terras
1549 4964 1584 5023 et
1607 4967 1795 5024 tenementa

291 5060 469 5121 tenuerunt
491 5074 548 5137 per
570 5054 740 5117 servicium
756 5059 872 5138 qnsrte
894 5056 999 5138 partis
1020 5056 1045 5140 j.
1061 5056 1083 5119 f.
1100 5077 1144 5121 m.
1159 5054 1352 5117 amortissta
1367 5052 1451 5115 citra
1465 5067 1588 5111 annum
1605 5048 1794 5111 vicesimum

290 5144 376 5228 regis
390 5141 540 5205 Edwardi
554 5140 662 5224 primi.

334 5268 520 5338 Willeimus
541 5268 676 5333 Nevvton
699 5267 739 5331 de
764 5266 876 5335 vaelle
899 5271 934 5333 in
953 5272 1115 5335 comitatu
1132 5272 1327 5346 Somersete,
1341 5266 1493 5350 armiger,
1508 5262 1570 5327 fuit
1587 5262 1716 5326 seisitus
1731 5264 1794 5327 etc.

290 5359 331 5422 de
363 5358 461 5421 certis
494 5356 590 5419 terris
621 5360 656 5417 et
687 5357 884 5420 tenementis
917 5360 952 5421 in
987 5358 1192 5426 Ssunnnunn
1222 5364 1256 5421 et
1289 5356 1434 5432 tironus,
1458 5359 1493 5416 et
1524 5348 1601 5413 illas
1632 5354 1733 5413 terras
1759 5358 1795 5411 et

292 5449 481 5511 tenementis
493 5441 604 5506 tenuit
617 5460 675 5526 per
688 5443 859 5507 servicium
872 5450 988 5529 qnnrte
1002 5447 1106 5529 pertis
1120 5446 1145 5532 j.
1161 5444 1186 5512 f.
1201 5466 1248 5513 m.
