4117 6209
311 671 372 733 res
750 757 753 764 ι
963 663 1152 730 ossone.

352 957 373 1022 J
375 957 515 1020 ohannes
530 955 676 1019 Danvers
691 961 780 1020 tenet
797 956 987 1018 immediate
1003 954 1044 1016 de
1059 955 1209 1037 episcopo
1227 951 1443 1014 lincolniensi
1459 953 1521 1012 etc.
1538 951 1626 1009 certa
1648 948 1748 1009 terras
1772 949 1807 1007 et

310 1051 494 1108 tenemeuta
516 1047 551 1106 in
569 1045 806 1122 uicensima,
833 1064 895 1126 que
921 1061 1026 1126 nuper
1052 1043 1187 1104 fuerunt
1203 1038 1359 1101 Willelmi
1384 1036 1537 1119 Breweiy‚
1552 1055 1609 1118 per
1635 1034 1807 1098 servicium

310 1133 354 1194 di.
371 1132 395 1194 f.
410 1153 455 1197 m.

353 1267 449 1330 Nulle
463 1267 525 1330 alie
542 1287 673 1350 persone
691 1267 757 1330 sive
773 1271 920 1330 tenentes
936 1272 998 1330 etc.
1020 1271 1067 1343 (as
1084 1267 1211 1347 crpore).

775 1551 994 1613 Hvrvnnnuuu
1019 1569 1062 1611 us
1086 1546 1339 1614 BOLYNDEN.

353 1686 530 1769 Inquisicio
555 1693 650 1766 capte
680 1685 767 1766 apud
799 1681 949 1746 Whatele
979 1683 1132 1746 vicesimo
1160 1687 1276 1764 quarto
1305 1681 1358 1743 die
1385 1679 1465 1740 Maii
1491 1698 1577 1741 anno
1604 1679 1697 1758 regni
1722 1679 1806 1761 regis

311 1773 443 1838 Henrici
470 1773 554 1835 sexti
580 1777 650 1854 post
678 1776 890 1856 conquestum
908 1775 1008 1847 sexto,
1023 1789 1131 1832 coram
1147 1769 1284 1831 Ricardo
1301 1767 1451 1850 Pyppard
1465 1771 1526 1828 etc.
1546 1771 1593 1843 (oa
1610 1766 1736 1846 bevere),
1753 1785 1809 1848 per

307 1865 543 1924 sacramentum
558 1867 620 1924 etc.

353 2019 472 2082 Omnes
487 2040 622 2103 persone
639 2024 701 2084 etc.
722 2025 769 2098 (cs
786 2021 912 2104 before).

350 2156 488 2219 Thomas
523 2157 680 2218 Chaucers
718 2161 809 2219 tenet
845 2156 1033 2219 immediate
1069 2154 1110 2217 de
1140 2175 1203 2238 quo
1234 2155 1401 2238 ignoratur
1430 2159 1492 2214 etc.
1524 2157 1610 2213 certa
1638 2157 1743 2214 terras
1772 2157 1807 2214 et

307 2249 493 2396 terporplenta
518 2244 552 2306 in
578 2244 745 2322 Yesrnnn,
769 2264 831 2328 que
854 2262 957 2327 nuper
983 2243 1116 2305 fuerunt
1140 2241 1272 2304 Roberti
1300 2241 1361 2302 filii
1388 2239 1522 2322 Nigelii,
1547 2259 1606 2322 per
1636 2239 1806 2302 servicium

307 2353 331 2416 J.
364 2378 371 2394 .
426 2380 433 2394 .

350 2440 514 2506 Johannes
545 2443 695 2524 Seyncler
725 2449 817 2506 tenet
847 2441 1036 2505 immediate
1068 2454 1130 2506 etc.
1165 2441 1206 2502 de
1237 2461 1301 2524 quo
1331 2439 1501 2522 ignoratur
1528 2443 1616 2501 certa
1641 2445 1741 2500 terras
1771 2443 1805 2500 et

307 2535 496 2594 tenemento
521 2530 556 2591 in
587 2530 747 2606 Susunorv,
773 2549 835 2612 que
861 2548 963 2612 nuper
993 2528 1126 2592 fuerunt
1157 2526 1316 2590 iohannis
1341 2527 1381 2588 de
1412 2525 1530 2589 Sancto
1559 2523 1718 2603 Johanne,
1748 2544 1805 2607 per

308 2617 478 2680 servicium
495 2618 594 2680 tercie
610 2619 712 2699 partis
728 2617 750 2680 f.
768 2637 812 2681 m.

352 2753 443 2815 Prior
457 2753 497 2815 de
513 2751 726 2829 Fredesvvide,
742 2752 878 2829 Oxonie,
892 2756 982 2816 tenet
998 2752 1188 2816 immediate
1202 2757 1264 2815 etc.
1281 2752 1321 2814 de
1335 2770 1398 2832 quo
1414 2750 1582 2833 ignoretur
1595 2753 1684 2811 certa
1704 2754 1803 2812 terras

308 2844 554 3011 pprtppieppprpta}
569 2840 691 2992 sacilicet
707 2840 731 2924 j.
750 2841 770 2903 t.
786 2861 832 2905 m.
849 2839 884 2902 in
900 2841 1169 2922 Poenarumque
1186 2859 1287 2922 nuper
1301 2838 1435 2901 fuerunt
1449 2836 1608 2901 Johannis
1623 2836 1735 2920 Peyte,
1749 2857 1804 2918 per

351 3063 489 3126 Thomas
524 3063 673 3146 Beynton
710 3070 801 3128 tenet
837 3065 1029 3128 immediate
1066 3069 1129 3127 etc.
1160 3065 1200 3127 de
1229 3084 1293 3146 quo
1323 3063 1492 3146 ignoratur
1521 3064 1609 3124 certa
1640 3065 1740 3123 terras
1773 3064 1808 3123 et

307 3157 491 3304 tepepenta
505 3152 539 3215 in
556 3151 861 3228 Mensorrnnauuorv‚
876 3172 938 3236 que
954 3172 1057 3233 nuper
1072 3152 1205 3214 fuerunt
1221 3151 1354 3213 Roberti
1370 3149 1538 3212 Delamare
1564 3168 1620 3231 per
1635 3147 1808 3210 servicium

307 3260 331 3324 J.
366 3286 374 3304 .
428 3288 435 3302 .

351 3375 519 3454 Katerine,
533 3376 646 3460 regina
663 3376 792 3458 Anglie,
808 3380 898 3440 tenet
912 3375 1103 3439 immediate
1117 3376 1159 3440 de
1172 3375 1305 3438 domino
1320 3394 1397 3457 rege
1412 3374 1446 3436 in
1468 3375 1579 3436 dotem
1606 3391 1698 3434 suern
1722 3376 1809 3436 certa

307 3468 477 3614 ppgppiupltl
497 3469 690 3612 ‘tepementa
720 3466 755 3526 in
786 3465 978 3541 Bnuusnnv,
1013 3485 1076 3547 que
1105 3483 1210 3546 nuper
1239 3463 1372 3525 fuerunt
1403 3461 1560 3545 principis
1589 3459 1719 3538 wadre,
1750 3480 1808 3542 per

492 3571 517 3636 J.
550 3573 620 3617 .m.

349 3684 514 3750 Johannes
530 3687 660 3764 Blaket,
675 3685 825 3766 chiveler,
843 3693 937 3750 tenet
950 3687 1144 3751 immediate
1157 3708 1196 3749 ex
1215 3688 1290 3769 jure
1314 3687 1425 3748 uxoris
1449 3705 1506 3749 sue
1531 3689 1621 3748 certa
1645 3690 1746 3747 terras
1773 3690 1807 3747 et

306 3780 494 3922 terpementa
524 3776 558 3837 in
585 3775 768 3853 Wuneunr‚
800 3795 861 3858 que
891 3795 994 3857 nuper
1023 3774 1158 3838 fuerunt
1190 3774 1318 3836 Ricardi
1347 3773 1522 3854 Dammery
1547 3793 1605 3854 per
1634 3773 1807 3834 servicium

306 3883 331 3946 J.
365 3884 434 3927 .m.

350 3983 507 4046 Ricardus
518 3982 679 4046 Elsefelde
695 3989 786 4045 tenet
802 3983 992 4046 immediate
1007 3988 1070 4048 etc.
1082 3989 1170 4048 certa
1186 3987 1287 4047 terras
1302 3989 1336 4046 et
1348 3985 1534 4046 tenementa
1545 3981 1579 4043 in
1592 3981 1807 4061 Essemus,

306 4091 369 4156 que
384 4090 488 4154 nuper
502 4069 637 4133 fuerunt
651 4069 672 4132 J
674 4070 808 4133 ohannis
824 4069 1001 4148 Eisefelde,
1017 4091 1073 4154 per
1087 4073 1259 4134 servicium
1273 4071 1319 4136 di.
1335 4071 1360 4136 i.
1376 4091 1421 4135 m.

351 4209 493 4292 Rogatus
508 4206 628 4270 Radele
645 4212 735 4271 tenet
750 4208 941 4272 immediate
957 4213 1018 4273 etc.
1036 4216 1126 4272 certa
1139 4213 1240 4272 terras
1257 4216 1292 4270 et
1307 4212 1496 4271 tenemento
1515 4208 1550 4268 in
1577 4206 1807 4285 Gaesruonou,

307 4317 369 4380 que
383 4315 488 4378 nuper
503 4294 637 4358 fuerunt
650 4295 773 4358 Thorne
790 4294 892 4378 Payn‚
909 4317 964 4380 per
981 4297 1152 4360 servicium
1166 4303 1279 4380 quarte
1293 4295 1394 4376 partis
1408 4294 1432 4359 f.
1448 4315 1493 4359 m.

350 4433 492 4497 Thomas
508 4430 669 4496 Chaucers
683 4436 776 4495 tenet
791 4432 981 4496 immediate
997 4437 1059 4499 etc.
1069 4440 1156 4496 certa
1170 4439 1270 4496 terras
1284 4437 1320 4495 et
1332 4437 1522 4494 tenementa
1533 4432 1567 4493 in
1581 4433 1808 4510 Gaesarem,

307 4541 369 4604 que
384 4539 489 4604 nuper
504 4519 637 4582 fuerunt
652 4517 812 4582 Johannis
828 4519 973 4603 Havyle,
988 4541 1045 4604 per
1059 4521 1231 4584 servicium
1246 4526 1361 4604 quarte
1377 4519 1479 4602 partis
1493 4519 1516 4583 f.
1533 4539 1578 4584 m.

351 4657 497 4720 Heredes
513 4657 678 4720 Lamberti
692 4657 824 4720 Forster
840 4663 952 4722 tenent
967 4661 1158 4723 immediate
1174 4666 1237 4725 eto.
1254 4664 1344 4722 certa
1369 4664 1470 4720 terras
1494 4664 1528 4719 et
1552 4658 1744 4722 tenemento
1772 4657 1808 4719 in

308 4745 518 4811 Warnenuer
541 4750 574 4807 et
599 4745 784 4810 Lunenses
812 4745 852 4808 de
867 4767 931 4829 quo
946 4748 1125 4831 ignoratur,
1139 4768 1203 4831 que
1219 4767 1322 4830 nuper
1336 4747 1468 4808 fuerunt
1484 4744 1651 4808 Lamberti
1667 4743 1695 4806 F
1696 4748 1810 4823 orster,

307 4831 485 4914 patrissui,
501 4851 561 4913 per
577 4831 749 4894 servicium
760 4831 787 4915 j.
806 4832 828 4898 f.
844 4853 889 4898 m.

352 4965 508 5029 Ricardus
533 4965 751 5050 Katermayns
778 4972 871 5031 tenet
897 4969 1087 5033 immediate
1112 4977 1175 5034 etc.
1201 4976 1288 5032 certa
1310 4974 1409 5032 terras
1433 4973 1466 5031 et
1486 4972 1674 5032 tenementa
1690 4967 1729 5029 de
1744 4927 1813 5050 quo

307 5054 479 5203 pppvoireaippp
494 5053 795 5204 diinlepnrrvenou,
833 5076 896 5139 que
926 5076 1046 5139 nuper,
1060 5056 1195 5120 fuerunt
1223 5055 1382 5120 Johannis
1411 5057 1452 5119 ds
1482 5053 1723 5120 Bradenestolre
1752 5075 1812 5137 per

352 5275 494 5340 Heredes
516 5273 639 5338 Thome
664 5275 800 5361 Camoys
827 5283 941 5343 tenent
967 5279 1159 5343 immediate
1184 5283 1246 5343 etc,
1262 5285 1350 5343 certa
1376 5283 1478 5342 terras
1502 5285 1538 5341 et
1559 5283 1748 5344 tenemento
1773 5279 1811 5342 in

307 5363 479 5515 Sepprppupt
494 5363 692 5516 dTinpwplasn
720 5364 758 5428 de
786 5386 849 5448 quo
876 5367 1058 5450 ignoratur,
1075 5387 1139 5450 que
1165 5385 1269 5447 nuper
1284 5367 1418 5430 fuerunt
1431 5366 1589 5430 Willeimi
1605 5365 1737 5469 Combe,
1752 5385 1812 5448 per
