4117 6209
302 626 366 689 354
934 619 1185 688 SOMERSET.

347 911 394 975 De
419 912 555 976 Matheo
577 913 617 975 de
642 912 761 990 Baton,
776 911 939 975 Willelmo
962 912 1001 975 de
1025 911 1144 993 (irene,
1161 922 1194 975 et
1210 913 1334 976 Thoma
1348 914 1388 976 de
1404 913 1509 998 Penys
1524 934 1583 997 pro
1597 933 1653 979 nn.
1669 913 1692 979 f.
1708 918 1741 978 et
1757 915 1802 980 di.

303 1000 337 1061 in
363 999 506 1066 Hemone
529 1021 592 1083 que
614 1000 805 1062 Edmundue
830 998 957 1078 Baemt,
982 999 1079 1063 abbas
1102 1000 1144 1064 de
1168 999 1390 1083 Keyneebam‚
1414 1006 1449 1065 et
1472 1001 1639 1065 Johannee
1661 1003 1702 1066 de
1730 1004 1799 1081 (oio)

305 1086 440 1150 Hnuker
454 1087 615 1169 quondam
631 1092 804 1150 tenuerunt
916 1124 1636 1140 --------
1725 1088 1801 1153 bne.

348 1222 396 1285 De
412 1223 557 1286 Waltero
570 1223 610 1286 de
626 1222 799 1305 Rodeneye
815 1243 871 1306 pro
885 1241 942 1289 un.
959 1222 983 1288 f.
1000 1224 1035 1285 in
1052 1223 1263 1290 Oennnnnon
1279 1224 1364 1307 qnod
1386 1223 1570 1288 Herbertue
1594 1225 1635 1288 de
1663 1224 1802 1287 Matisco

304 1310 466 1394 quondam
483 1311 590 1373 tenuit
606 1309 728 1374 ibidem
811 1350 1634 1362 ---------
1722 1312 1800 1377 xl.e.

348 1448 396 1511 De
423 1446 571 1511 Jobanne
598 1450 637 1511 de
663 1448 850 1511 Rokeberne
875 1454 908 1511 et
935 1448 1052 1511 abbate
1068 1447 1109 1510 de
1125 1447 1331 1531 Keynesbem
1347 1468 1404 1530 pro
1420 1468 1473 1515 un.
1491 1447 1514 1513 f.
1530 1450 1564 1510 in
1581 1449 1801 1515 Lomnmnon

302 1536 388 1617 quod
404 1536 594 1599 Edmnndus
609 1535 726 1598 Basset
741 1542 777 1598 et
791 1536 944 1599 Murielln
959 1534 1110 1598 Pasturel
1125 1536 1289 1620 quondam
1305 1541 1483 1599 tenuerimt
1498 1536 1621 1600 ibidem
1723 1537 1799 1601 xbe.

346 1671 395 1735 De
421 1672 565 1735 Waltero
591 1673 632 1736 de
658 1673 810 1755 Rodenye
838 1692 896 1755 pro
924 1672 970 1737 di.
997 1672 1020 1736 t.
1049 1675 1083 1735 in
1114 1673 1304 1738 Henwnnnn
1335 1674 1420 1757 quod
1448 1675 1550 1737 Adam
1580 1674 1620 1737 de
1650 1673 1682 1737 la
1712 1674 1801 1737 More

303 1759 465 1841 quondam
483 1761 589 1824 tenuit
602 1760 725 1824 ibidem

346 1897 395 1960 De
410 1896 559 1961 Johanne
575 1897 773 1983 Chyverston
791 1898 906 1982 prodi.
923 1896 946 1963 f.
962 1900 995 1959 in
1023 1898 1234 1965 Snonmsnon
1260 1899 1346 1982 quod
1370 1897 1537 1962 Jobannee
1561 1899 1600 1961 de
1626 1897 1799 1963 Chilketon

306 1988 368 2066 (ie.
386 1983 563 2069 Chiweton)
580 1986 745 2069 quondam
761 1986 870 2049 tenuit
885 1986 1004 2048 ibidem
1103 2025 1623 2039 ------
1712 2007 1798 2052 xm.

346 2121 395 2186 De
409 2122 558 2188 Johanne
574 2122 708 2187 Bohoun
724 2123 763 2185 de
779 2120 965 2186 Midhurste
981 2143 1038 2205 pro
1053 2121 1097 2187 di.
1113 2121 1136 2187 f.
1152 2122 1186 2185 in
1201 2122 1440 2189 Enennnnnon
1466 2125 1552 2209 quod
1576 2124 1734 2188 Rionrdm
1759 2124 1800 2187 de

304 2208 537 2296 Empneburgh
553 2212 714 2293 quondam
731 2211 839 2273 tenuit
855 2210 978 2273 ibidem
1007 2250 1627 2263 -------
1716 2234 1799 2277 xxm.

347 2346 396 2411 De
407 2347 563 2427 Hawisia,
575 2368 638 2433 que
653 2348 719 2411 fuit
734 2368 813 2411 uxor
824 2344 983 2411 Johannie
994 2345 1033 2408 de
1045 2344 1181 2424 Button,
1193 2366 1250 2429 pro
1264 2346 1533 2415 di.f.inCn1nnn
1546 2350 1701 2417 Oonenon
1715 2348 1800 2432 qnod

303 2432 466 2498 Jobannee
480 2439 520 2499 de
536 2434 662 2499 Button
677 2437 844 2519 quondam
859 2434 966 2498 tenuit
980 2432 1103 2497 ibidem
1208 2471 1623 2489 -----
1712 2456 1798 2500 xm.

348 2569 397 2633 De
421 2570 535 2634 eadem
562 2570 708 2635 Hawieia
733 2592 791 2655 pro
817 2572 862 2637 di.
878 2573 901 2639 f.
918 2572 1042 2637 ibidem
1058 2572 1144 2655 quod
1158 2569 1298 2636 Thomas
1313 2573 1353 2637 de
1370 2572 1488 2637 Sancto
1502 2573 1622 2658 Vigore
1636 2572 1800 2656 qnondam

303 2659 411 2720 tenuit
427 2658 548 2721 ibidem
593 2698 1623 2712 -----------
1712 2680 1799 2724 xm.

347 2793 396 2856 De
413 2794 604 2858 Elizabetha
619 2796 659 2858 de
675 2794 816 2859 Aeshton
831 2818 888 2879 pro
903 2802 1018 2881 quarta
1038 2801 1131 2879 perte
1146 2817 1203 2863 un.
1219 2799 1242 2863 f.
1258 2800 1292 2862 in
1318 2798 1456 2866 Mmenn
1479 2819 1576 2883 quem
1605 2797 1800 2860 Humfridne

304 2881 343 2944 de
359 2880 548 2946 Donstererr
566 2886 634 2963 (eie)
652 2883 814 2965 quondam
830 2886 938 2947 tenuit
953 2884 1074 2947 ibidem
1111 2924 1625 2937 ------
1712 2903 1797 2947 xxo.

871 3018 1038 3084 feodorum
1050 3020 1184 3107 :-xiiij.
1200 3021 1223 3086 f.
1239 3022 1377 3105 integra.

710 3062 845 3127 summa
871 3108 1076 3171 denariorum
1087 3105 1298 3192 t-xxviij.li.

818 3346 1039 3414 Honnnnnnn
1061 3370 1106 3413 nn
1128 3346 1295 3414 FROME.

350 3480 398 3545 De
413 3483 540 3547 Andrea
554 3482 719 3547 Blaunobe
737 3487 819 3563 (nio),
844 3505 900 3567 pro
926 3507 982 3553 un.
1000 3489 1023 3551 f.
1045 3490 1079 3551 in
1106 3489 1236 3564 Pione,
1253 3487 1452 3551 annnonn
1474 3480 1537 3570 [et]
1560 3484 1693 3549 anen
1716 3481 1801 3565 quod

303 3567 478 3633 Nieholeus
494 3570 661 3635 Braunohe
677 3572 838 3657 quondam
856 3578 964 3637 tenuit
980 3576 1103 3640 ibidem
1120 3610 1636 3626 ------
1724 3569 1800 3633 xio.

347 3708 395 3772 De
411 3708 552 3773 Henrioo
566 3710 606 3773 de
622 3708 771 3772 Merland
799 3730 855 3792 pro
870 3709 914 3772 di.
930 3710 952 3773 s.
970 3711 1003 3772 in
1032 3710 1283 3776 Onomnonnnn
1309 3707 1394 3791 quod
1421 3705 1582 3770 Henricne
1597 3705 1637 3767 de
1653 3704 1801 3767 Meiland

302 3796 465 3881 qnondam
480 3798 590 3861 tenuit
604 3794 728 3859 ibidem
803 3828 1627 3847 ---------
1716 3813 1800 3857 xxo.

303 4030 336 4085 te
348 3934 558 4084 Detdojbgnne
574 3934 613 3998 de
629 3932 789 4018 Olyvedon
806 3953 864 4017 pro
879 3952 935 3998 un.
951 3931 973 3997 f.
991 3932 1025 3993 in
1042 3932 1182 3997 Rnnnnn
1196 3928 1283 4014 quod
1298 3927 1464 3993 Johennee
1488 3926 1613 3991 Giffnrd
1639 3927 1802 4075 quondiim

336 4040 394 4083 mu
425 4041 437 4084 1
460 4042 472 4083 1
495 4041 547 4084 em
611 4054 1635 4072 ...........
1723 4036 1745 4077 χ
1760 4037 1802 4079 ,a

347 4158 395 4222 De
421 4157 558 4223 Roberto
582 4112 754 4221 Merkham
781 4177 838 4242 pro
863 4158 908 4222 di.
926 4156 948 4222 f.
965 4158 1000 4220 in
1027 4155 1214 4221 Mnnsnnon
1239 4152 1325 4238 quod
1341 4150 1497 4215 Rioerdue
1513 4148 1625 4236 Bygod
1640 4151 1803 4237 quondam

303 4246 413 4309 tenuit
427 4246 550 4311 ibidem
604 4274 1630 4297 -----------
1720 4260 1802 4302 xxo.

347 4383 396 4446 De
410 4383 527 4447 Idonia
541 4384 582 4448 de
597 4381 813 4465 Beeuobamp,
828 4378 978 4445 Johanne
994 4380 1035 4443 de
1051 4381 1164 4458 Acton,
1180 4377 1355 4441 Edmundo
1381 4377 1422 4438 de
1447 4374 1611 4458 Clyvedon
1635 4379 1669 4437 et
1684 4374 1803 4438 Jacobo

303 4471 344 4534 de
360 4470 482 4533 Wilton
511 4491 568 4554 pro
594 4491 650 4535 un.
667 4471 690 4534 f.
716 4471 750 4532 in
777 4470 987 4535 Wnnnnsnnn
1014 4467 1097 4553 quod
1122 4467 1287 4529 Jobannes
1313 4464 1353 4527 de
1379 4461 1516 4545 Meolye,
1532 4460 1601 4525 Odo
1625 4462 1665 4524 de
1688 4462 1802 4539 Acten,

301 4558 393 4620 heres
408 4558 449 4620 de
464 4556 652 4620 Elizabetha
666 4557 706 4620 de
719 4556 884 4639 Clyvedon
898 4568 931 4619 et
947 4556 1036 4618 heres
1052 4555 1186 4619 Roberti
1202 4554 1241 4616 de
1257 4547 1438 4635 Berkelegh
1451 4547 1615 4632 quondam
1630 4557 1804 4611 tennerunt

303 4644 428 4708 ibidem

345 4778 393 4841 De
409 4775 607 4857 Elizabethn,
623 4798 686 4863 que
704 4776 770 4839 fuit
787 4797 868 4840 uxor
883 4776 1041 4842 Johannie
1057 4781 1095 4843 de
1112 4778 1226 4842 Monte
1243 4776 1345 4854 Forti,
1362 4780 1397 4838 et
1420 4774 1598 4836 Laureneio
1624 4773 1664 4835 de
1687 4774 1802 4837 Monte

304 4866 395 4929 Forti
409 4886 466 4949 pro
481 4866 553 4947 viij·
576 4874 668 4948 parte
685 4884 738 4927 un.
755 4863 777 4929 f.
794 4866 828 4927 in
846 4866 940 4930 Noni
953 4887 1052 4951 quem
1068 4864 1234 4930 Galfridne
1249 4866 1289 4928 de
1304 4863 1418 4926 Monte
1434 4860 1524 4923 Forti
1540 4867 1574 4924 et
1589 4860 1746 4923 Rioerdue
1761 4864 1802 4924 de

304 4953 533 5036 Empnebergh
550 4954 714 5037 quondam
730 4957 907 5014 tennerunt
928 4986 1650 5004 --------
1739 4971 1767 5013 v.
1775 4973 1801 5014 e.

345 5087 395 5150 De
419 5087 555 5153 Ricardo
577 5089 618 5152 de
645 5089 677 5153 le
700 5092 789 5155 Mete
812 5111 870 5174 pro
894 5091 938 5153 di.
953 5090 977 5154 f.
1004 5090 1039 5151 in
1067 5087 1181 5150 eadem
1206 5084 1283 5148 villa
1309 5085 1394 5167 quod
1419 5083 1597 5149 Nioholane
1612 5086 1653 5149 de
1668 5087 1700 5149 la
1714 5088 1804 5153 Mare

302 5174 464 5259 quondam
480 5178 587 5239 tenuit
602 5176 725 5241 ibidem
809 5204 1629 5229 ·········
1716 5195 1803 5243 xm.

302 5402 315 5460 t
344 5308 540 5460 Dethero
555 5313 596 5376 de
612 5312 812 5399 Servyngton
829 5335 886 5397 pro
901 5334 957 5377 un.
972 5311 994 5377 f.
1008 5312 1044 5373 in
1054 5310 1248 5378 Wmnnnen
1256 5308 1342 5392 quod
1350 5307 1371 5371 J
1373 5304 1501 5372 ohanna
1512 5307 1627 5374 corbet
1641 5312 1803 5459 quondlem

318 5417 394 5461 enni
425 5420 436 5460 1
460 5420 471 5460 1
495 5420 546 5461 em
611 5433 1637 5453 ···········
1724 5420 1744 5461 x
1761 5424 1802 5469 .e.
