4117 6209
318 651 361 715 86
846 642 1291 714 NORTHUMBERLAND.

363 935 502 1001 Thomas
518 935 691 1012 Shaftowe‚
706 936 793 1000 filius
808 942 844 1001 et
858 935 952 1002 heras
965 933 1089 1000 Thomu
1107 933 1283 1011 Shattowe,
1298 934 1427 998 saisitus
1452 935 1513 996 eto.
1537 933 1576 994 ut
1599 927 1639 991 de
1664 923 1759 990 feodo
1780 925 1821 989 de

319 1025 594 1198 {iiiehejffifhhi
608 1026 818 1105 Bassusmn,
833 1046 897 1110 que
921 1026 1051 1090 tenetur
1075 1023 1254 1090 immediata
1274 1021 1315 1086 de
1341 1021 1488 1106 predicto
1503 1017 1583 1082 duoe
1600 1035 1657 1099 per
1673 1017 1820 1099 quartam

362 1249 524 1331 Johanna,
540 1250 708 1314 comitissa
724 1249 1006 1330 Westmsrlandia,
1023 1249 1139 1313 saisita
1153 1253 1187 1313 et
1201 1246 1437 1332 possessionata
1452 1248 1503 1310 est
1517 1242 1649 1307 nomine
1672 1239 1758 1304 dotis
1779 1235 1819 1300 de

318 1337 597 1511 Iqqqfiqqaqefsffle
621 1339 662 1402 de
686 1339 818 1419 Hsauu,
846 1357 910 1423 quo
935 1341 1068 1402 tenetur
1089 1336 1271 1401 iumadiata
1285 1333 1326 1399 de
1341 1333 1491 1419 predicto
1505 1331 1584 1394 duos
1601 1348 1657 1413 per
1671 1328 1819 1411 quartam

361 1562 524 1628 Johaunos
540 1563 641 1628 Haris
655 1565 788 1627 saisitus
803 1569 867 1628 stc.
882 1567 922 1628 ut
936 1563 977 1628 de
992 1563 1088 1629 feodo
1103 1563 1144 1628 de
1159 1563 1260 1628 tersia
1274 1565 1367 1646 parts
1393 1559 1536 1645 predicto
1550 1555 1627 1622 villa
1642 1554 1682 1619 de
1698 1551 1819 1618 Harum

317 1651 496 1715 immediato
511 1652 552 1716 do
566 1651 714 1735 predicto
729 1652 811 1716 duoa
825 1672 883 1736 per
897 1655 1022 1716 sextam
1038 1657 1163 1736 partem
1177 1650 1203 1737 j.
1220 1651 1243 1717 f.
1260 1671 1307 1717 m.

361 1787 484 1853 Dicunt
498 1787 578 1852 dieti
594 1788 753 1875 juratores
768 1787 855 1873 quod
870 1788 961 1852 nulla
976 1793 1055 1854 suut
1069 1788 1135 1853 alia
1150 1793 1236 1853 terre
1252 1806 1311 1851 sou
1325 1790 1513 1852 tenemento
1528 1790 1591 1853 sto.

833 2130 960 2200 Waaua
981 2153 1025 2198 ou
1049 2130 1306 2199 GLENDALE.

363 2296 542 2380 Inquisioio
557 2298 653 2378 capta
667 2293 754 2377 apud
769 2293 915 2358 Wollour
929 2295 1056 2359 decimo
1070 2295 1123 2359 die
1138 2295 1221 2359 Maii
1242 2314 1326 2358 anno
1348 2296 1439 2380 regni
1464 2296 1549 2380 regis
1573 2294 1707 2360 Hsnrioi
1735 2295 1818 2358 sexti

319 2391 391 2469 post
421 2388 636 2467 conquestum
666 2381 782 2467 Anglie
811 2388 912 2460 sexto,
941 2403 1049 2446 ooram
1080 2384 1150 2447 Ada
1181 2381 1429 2468 Kyllyngworth
1455 2388 1517 2448 etc.
1545 2387 1593 2462 (aa
1619 2383 1731 2466 before)
1762 2403 1818 2466 per

319 2478 557 2535 sacramentum
594 2468 717 2533 Thomu
754 2468 913 2550 Strother,
951 2471 1109 2534 Johauuis
1146 2469 1250 2549 Carra,
1282 2471 1405 2534 Thome
1444 2469 1565 2548 Bureil,
1593 2470 1663 2532 ade
1694 2468 1819 2552 Badoy,

320 2558 482 2624 Johanuis
518 2557 640 2637 Buten,
672 2557 806 2621 Roberti
843 2556 1078 2644 Bolyugeham‚
1107 2555 1268 2621 iohannis
1305 2555 1399 2621 Cleri(
1435 2557 1477 2620 de
1507 2556 1651 2636 Nesebit,
1685 2557 1817 2620 Roborti

320 2646 499 2725 Herbotell,
523 2645 682 2709 Johannis
706 2644 898 2723 Collenwod,
922 2645 1058 2709 Roberti
1082 2644 1212 2709 Forstor
1235 2645 1276 2708 de
1300 2643 1472 2722 Ederston‚
1501 2644 1623 2708 'rhome
1647 2643 1766 2708 Revelo
1783 2650 1818 2707 et

321 2733 479 2797 Willelmi
493 2733 639 2797 Taillour
661 2733 703 2796 de
720 2732 865 2796 Woilour
891 2733 1085 2819 juratorum,
1111 2733 1168 2818 qui
1194 2732 1310 2796 dicunt
1334 2752 1431 2816 super
1457 2736 1696 2796 saurameutum
1722 2752 1816 2796 suum

319 2822 469 2905 quod:—

364 3009 506 3075 Thomas
522 3010 669 3075 Ilderton
683 3011 814 3073 seisitus
828 3014 862 3074 et
878 3009 1134 3094 possessionatus
1149 3013 1200 3073 ast
1214 3009 1249 3072 in
1274 3009 1437 3073 dominioo
1461 3030 1517 3074 suo
1543 3013 1580 3073 ut
1607 3010 1647 3074 de
1673 3011 1765 3075 ieodo
1779 3011 1819 3074 de

321 3099 408 3162 villis
431 3099 472 3162 de
498 3099 678 3176 quaauou,
696 3098 835 3164 Rusoau
850 3103 882 3161 et
899 3097 1105 3178 Wasuauuu,
1121 3117 1185 3180 quo
1200 3101 1355 3162 tonantur
1370 3097 1410 3161 de
1426 3094 1600 3182 Radulpho
1615 3096 1711 3182 Gray,
1728 3103 1764 3163 ut
1778 3099 1817 3162 de

320 3187 464 3250 dominio
480 3206 537 3250 suo
554 3186 593 3249 de
610 3184 721 3264 warh,
736 3206 793 3268 per
807 3185 979 3248 dimidiam
994 3189 1122 3269 partem
1136 3183 1160 3269 j.
1177 3184 1200 3250 f.
1216 3206 1262 3251 m.

364 3323 550 3388 Willelmus
564 3321 709 3406 Carnaby
723 3329 757 3386 et
772 3324 911 3408 signeto,
926 3342 1005 3385 uxor
1020 3321 1104 3408 ejus,
1118 3321 1225 3385 seisiti
1240 3327 1304 3386 eto.
1320 3327 1359 3385 ut
1373 3321 1414 3387 de
1438 3323 1539 3387 libero
1566 3327 1753 3389 tenemento
1778 3324 1819 3388 ad

320 3413 500 3476 terminum
515 3412 583 3475 vito
598 3410 741 3496 predicte
756 3412 881 3497 Agnste
896 3410 937 3474 de
952 3409 1031 3473 villa
1045 3409 1086 3472 de
1103 3409 1255 3477 qusuau
1270 3409 1382 3489 wass,
1393 3429 1456 3493 qua
1472 3415 1604 3476 tanetus
1618 3410 1659 3476 de
1674 3411 1819 3495 predicto

320 3497 494 3583 Radulpho
508 3518 565 3582 par
578 3501 729 3583 quintam
743 3504 869 3584 partem
880 3497 908 3582 j.
924 3498 948 3564 f.
963 3518 1009 3563 m.

365 3636 506 3701 Thomas
521 3637 656 3701 Lilhum
673 3636 805 3700 seisitus
819 3641 882 3702 ato.
899 3641 938 3700 ut
954 3635 994 3700 de
1010 3633 1105 3700 feodo
1119 3637 1159 3701 ds
1175 3635 1261 3700 villis
1276 3634 1317 3700 da
1334 3635 1520 3705 Suswuuuu
1536 3640 1570 3701 et
1586 3637 1742 3704 Lsuouou
1758 3660 1820 3726 que

321 3731 474 3885 qsqsqtlur
489 3725 529 3790 de
544 3725 690 3808 predicto
705 3722 875 3808 Radulpho
889 3729 929 3788 ut
951 3725 990 3788 de
1016 3722 1163 3788 dominio
1187 3744 1245 3788 suo
1268 3723 1413 3807 predicto
1437 3744 1495 3807 par
1518 3730 1667 3808 quartam
1690 3733 1817 3810 partem

365 3956 507 4019 Thomas
523 3951 673 4018 Strother
688 3952 818 4017 saisitus
833 3957 896 4018 ato.
912 3956 952 4016 ut
965 3953 1006 4016 do
1020 3951 1113 4016 iaodo
1128 3951 1169 4016 ds
1184 3951 1271 4016 villis
1285 3951 1327 4016 do
1342 3951 1480 4018 Nuuuou
1495 3955 1529 4014 et
1543 3951 1657 4018 Musa
1669 3952 1818 4033 Nuuuou,

323 4045 509 4110 Moumawu
524 4047 557 4104 et
572 4040 748 4104 medietato
762 4040 839 4104 ville
853 4040 894 4103 de
910 4039 1079 4121 haustos,
1097 4059 1158 4126 que
1173 4045 1327 4104 tenentur
1350 4038 1390 4103 de
1416 4038 1562 4122 predicto
1585 4038 1757 4124 Radulpho
1782 4048 1819 4105 ut

323 4133 362 4195 de
378 4130 522 4193 dominio
536 4149 594 4192 suo
609 4128 766 4212 predicte,
780 4148 837 4212 per
851 4127 1062 4191 medietatem
1072 4127 1101 4210 j.
1118 4127 1140 4191 f.
1157 4148 1202 4193 m.

367 4260 528 4326 Robsrtus
553 4260 774 4346 Balyugeham
797 4266 832 4325 et
846 4260 1031 4324 Willelmus
1057 4258 1141 4325 Ordo
1166 4259 1272 4323 seisiti
1298 4265 1360 4323 ato.
1386 4262 1425 4322 ut
1452 4258 1492 4322 de
1518 4257 1611 4322 feodo
1632 4257 1673 4320 de
1688 4259 1766 4324 villa
1780 4261 1820 4325 de

323 4353 551 4428 Ausonum,
567 4370 628 4433 que
643 4354 775 4412 tenetur
790 4348 831 4413 da
847 4348 992 4432 predicto
1007 4344 1190 4430 Radulpho,
1214 4351 1253 4410 ut
1276 4347 1317 4410 ds
1340 4345 1487 4409 dominio
1513 4366 1570 4410 suo
1596 4345 1740 4430 predicto
1763 4368 1821 4431 por

324 4440 474 4521 quintam
489 4444 614 4521 partam
628 4436 654 4524 j.
671 4436 694 4502 f.
711 4457 757 4503 m.

368 4573 557 4658 Radulphus
582 4572 681 4658 Gray,
705 4572 860 4651 ohivaler,
883 4573 1015 4636 seisitus
1029 4575 1093 4637 ato.
1110 4575 1149 4635 ut
1164 4569 1204 4634 de
1219 4569 1313 4634 feodo
1327 4569 1457 4635 talliato
1472 4571 1512 4636 de
1526 4570 1614 4634 villis
1628 4572 1667 4635 de
1681 4571 1819 4652 Wsnuu,

323 4662 555 4834 1,Ιιιςῐνιὲιῖιιοῑιτιι
570 4665 604 4725 et
620 4661 783 4743 Paussuu,
799 4681 861 4744 qua
876 4665 1031 4725 tenemur
1045 4660 1085 4722 de
1099 4658 1231 4723 domiuo
1246 4678 1322 4744 rege
1336 4657 1516 4723 immediate
1539 4678 1596 4742 per
1611 4658 1820 4724 medietatam

365 4883 504 4949 Thomas
517 4885 667 4970 Rukehy,
680 4884 833 4966 ohivaler,
844 4890 879 4950 et
889 4885 1029 4950 Thomas
1039 4883 1174 4947 Watton
1189 4882 1293 4947 seisiti
1308 4886 1371 4948 eto.
1382 4885 1421 4946 ut
1436 4881 1475 4946 de
1488 4881 1583 4946 feodo
1599 4883 1820 4971 unusquisque

320 4994 376 5057 per
399 4993 432 5037 aa
454 4974 640 5057 separatim,
662 4993 702 5037 ex
724 4973 860 5037 divorsis
881 4971 1138 5036 concessionibus
1160 4972 1200 5034 ds
1216 4971 1294 5035 viiia
1315 4971 1355 5033 de
1378 4970 1512 5038 Busuou
1536 4970 1730 5051 Iusumouu
1757 4993 1819 5055 qus

322 5064 450 5125 tenetur
465 5061 505 5124 da
520 5061 666 5144 predicto
681 5058 855 5144 Radulpho
870 5080 927 5144 per
941 5064 1090 5145 quartam
1104 5063 1231 5142 partem
1246 5057 1271 5144 j.
1288 5057 1312 5125 i.
1329 5079 1374 5123 m.

364 5197 555 5283 Radulphus
585 5197 684 5282 Gray,
713 5196 865 5275 ohivaler,
893 5197 1021 5262 saisitus
1052 5201 1117 5262 sto.
1146 5200 1186 5259 ut
1215 5193 1256 5259 ds
1292 5194 1387 5258 feodo
1425 5193 1555 5258 talliato
1584 5194 1625 5258 de
1655 5194 1743 5258 villis
1779 5194 1820 5260 da

320 5287 536 5365 Domeros,
563 5285 941 5363 Nsssnmwmawon
964 5291 999 5348 et
1024 5285 1124 5348 toreis
1147 5291 1239 5366 parte
1264 5281 1304 5346 de
1328 5282 1488 5359 Ewoasu,
1513 5301 1576 5366 que
1599 5286 1755 5346 tenentur
1780 5283 1819 5346 da

323 5374 466 5548 {iqnqiloo
480 5373 592 5459 Peroy,
607 5375 727 5438 comite
741 5371 984 5450 Northumbrie,
998 5370 1093 5436 atde
1108 5369 1255 5434 dominio
1270 5389 1328 5433 suo
1343 5369 1384 5433 do
1399 5368 1565 5500 Aluewyh,
1577 5389 1635 5454 par
1650 5370 1822 5434 servicium
