4117 6209
254 731 318 798 244
930 729 1081 800 SALOP.

298 1021 456 1087 Robertus
471 1018 588 1086 Sorbet
603 1021 642 1085 de
658 1021 806 1106 Hadsley
820 1026 854 1086 ct
877 1020 1041 1086 Robcrtus
1055 1021 1096 1086 de
1111 1021 1346 1107 Pcunebrugge
1369 1026 1486 1086 tenent
1510 1021 1693 1089 Donusam
1719 1025 1755 1085 ct

255 1109 450 1263 Shffithizo
468 1109 496 1195 j.
513 1110 536 1175 f.
553 1110 639 1193 quod
656 1109 818 1174 Walterus
843 1110 875 1173 le
900 1109 1072 1174 Beaumcis
1093 1110 1257 1193 quondum
1273 1110 1381 1174 tenuit
1396 1109 1437 1174 dc
1451 1109 1585 1173 baronis
1599 1108 1755 1173 Herberti

298 1332 460 1398 Johannes
475 1335 516 1399 ds
531 1335 563 1397 la
582 1335 689 1398 Warre
704 1339 797 1397 tenet
811 1336 1036 1400 Annnsonnou
1063 1339 1097 1398 et
1120 1335 1257 1400 Rumon
1273 1354 1349 1398 cnm
1363 1335 1578 1417 pertinenciis
1603 1353 1661 1417 pro
1686 1335 1710 1420 j.
1726 1335 1750 1399 f.

254 1421 340 1503 quod
355 1421 546 1505 Radulphus
561 1423 601 1485 de
617 1421 799 1508 Pycheiord
815 1422 979 1504 quondam
994 1423 1105 1486 tenuit
1120 1421 1161 1486 de
1174 1423 1307 1485 domino
1322 1441 1397 1506 rege
1411 1423 1466 1488 i.c.

296 1558 419 1623 Evado
435 1558 520 1642 Scyn
535 1558 643 1624 Johau
658 1564 750 1624 tenet
765 1560 1019 1627 Kaunauouuou
1036 1582 1094 1645 pro
1109 1561 1153 1629 di.
1169 1561 1192 1626 f.
1209 1560 1295 1647 quod
1313 1559 1497 1624 willelmus
1512 1559 1554 1625 de
1568 1559 1646 1623 Alta
1668 1559 1753 1643 Ripa

253 1647 417 1730 quondam
432 1649 543 1711 tenuit
556 1647 595 1712 de
610 1647 777 1712 Willelmo
793 1648 861 1712 filio
876 1648 984 1714 Alani.

297 1785 340 1849 Et
355 1785 469 1850 dicunt
482 1791 545 1851 etc.
564 1788 612 1868 (as
628 1786 756 1870 before).

698 2063 919 2131 Hnunannuu
942 2083 986 2130 nu
1008 2063 1307 2133 MONSELOWE.

298 2201 475 2284 Inquisitio
490 2205 586 2285 capta
600 2201 688 2284 apud
702 2200 840 2265 Wenlok
855 2201 908 2265 die
931 2201 1086 2265 Mercurii
1109 2202 1256 2285 proxima
1282 2205 1357 2284 post
1382 2200 1502 2266 festum
1528 2199 1752 2267 conversionis

254 2287 365 2353 Sancti
396 2287 491 2352 Pauli
520 2293 582 2351 etc.
609 2289 662 2366 (as
693 2290 821 2372 before),
850 2309 908 2372 per
937 2295 1177 2354 sacramentum
1204 2287 1327 2352 Thome
1353 2289 1385 2352 lc
1409 2288 1538 2368 Forcer,
1561 2287 1685 2353 Thome
1710 2291 1752 2355 de

253 2375 407 2458 Preshop‚
422 2374 442 2438 J
445 2376 580 2439 ohannis
595 2376 635 2439 de
650 2377 764 2454 Asson,
779 2375 937 2439 Johannis
952 2376 992 2439 de
1008 2376 1204 2455 Aldenham,
1218 2377 1365 2455 minoris,
1390 2375 1514 2439 Thome
1539 2376 1580 2440 de
1604 2377 1636 2440 la
1663 2377 1752 2456 Coie,

252 2462 387 2526 Ricardi
402 2463 463 2525 filii
479 2463 620 2543 Ricardi‚
635 2462 793 2526 Johanuis
806 2462 936 2547 waan‚
952 2462 1042 2526 Petri
1057 2464 1097 2526 de
1114 2461 1288 2543 Calweton,
1306 2463 1436 2527 Ricardi
1451 2463 1575 2547 Wyvel‚
1591 2463 1752 2548 Stephani

252 2551 293 2614 de
309 2550 507 2632 Henneleye,
521 2554 555 2613 et
570 2551 689 2634 Rogeri
704 2551 746 2614 de
761 2549 937 2633 Caunvyls,
951 2552 1008 2634 qui
1024 2551 1143 2615 dicunt
1157 2570 1215 2634 per
1229 2556 1465 2614 sacramentum
1480 2571 1575 2615 suum
1590 2552 1676 2637 quod
1685 2577 1741 2618 :-

296 2737 441 2823 Rogerus
457 2736 656 2820 Sprenchose
672 2744 707 2800 et
721 2739 898 2822 participes
913 2739 963 2802 sui
979 2743 1094 2802 tenent
1110 2737 1334 2805 Wmnsnssou
1350 2759 1407 2820 pro
1432 2743 1548 2824 quarta
1573 2746 1664 2823 parte
1689 2741 1714 2829 j.
1729 2740 1753 2809 f.

253 2845 351 2912 qusm
366 2825 471 2888 Adam
486 2825 528 2888 de
543 2825 763 2889 Wilnereston
778 2827 945 2911 quondam
961 2828 1070 2890 tenuit
1086 2826 1127 2888 de
1142 2825 1309 2889 Willelmo
1323 2826 1391 2888 filio
1406 2825 1513 2891 Alani.

295 2961 460 3027 ‚lohannes
474 2963 515 3026 de
530 2961 720 3046 Beckebnry
735 2968 827 3027 tenet
842 2964 1046 3029 Baoxasuau
1061 2984 1118 3046 pro
1144 2967 1259 3027 octavu
1284 2968 1376 3046 parte
1394 2964 1423 3048 j.
1440 2963 1463 3029 f.
1479 2984 1577 3048 quam
1591 2964 1754 3030 Johanues

252 3052 293 3115 de
310 3050 499 3135 Beckebury
515 3051 676 3137 qnondam
692 3052 802 3115 tenuit
816 3052 857 3114 de
872 3053 1017 3134 predicto
1032 3051 1199 3114 Willelmo
1214 3051 1282 3113 filio
1297 3051 1405 3116 Alani.

296 3187 471 3251 Nicholaus
496 3186 616 3251 Burnel
640 3192 733 3252 tanet
763 3188 968 3254 Tannonoun
998 3208 1056 3271 pro
1081 3188 1126 3251 di.
1152 3187 1175 3252 f.
1207 3188 1292 3273 quod
1319 3187 1476 3250 Ricardus
1501 3189 1541 3252 de
1564 3189 1754 3276 Thonglond

252 3276 414 3362 quondam
430 3277 536 3339 tenuit
551 3276 591 3338 de
608 3276 751 3358 predicto
767 3275 931 3338 Willelmo
946 3276 1014 3338 filio
1028 3275 1136 3340 Alani.

294 3410 435 3475 Thomas
450 3411 490 3475 de
506 3411 650 3495 Esthope
665 3417 755 3475 tenet
771 3411 927 3477 Esuuonn
943 3431 1001 3494 pro
1017 3412 1062 3476 di.
1079 3411 1101 3475 s.
1117 3411 1203 3493 quod
1218 3407 1383 3473 Johannes
1399 3410 1440 3472 de
1454 3410 1597 3495 Esthope
1618 3411 1754 3475 condam

250 3501 358 3563 tenuit
372 3499 412 3563 de
427 3499 571 3583 predicto
586 3499 750 3562 Willelmo
765 3499 833 3561 filio
849 3499 955 3565 Alani.

295 3637 316 3702 J
317 3637 456 3700 ohannes
470 3637 510 3701 da
524 3639 629 3702 Astou
643 3641 735 3702 tenet
749 3637 905 3704 Banouou
929 3655 987 3721 pro
1001 3637 1047 3702 di.
1063 3637 1086 3703 f.
1103 3636 1192 3719 quod
1207 3635 1367 3700 Robertus
1382 3634 1422 3700 de
1437 3634 1576 3700 Brocton
1593 3638 1753 3721 quondam

251 3727 357 3789 tenuit
374 3726 412 3788 de
427 3725 574 3808 predicto
589 3725 764 3788 Willelmo.
1114 3750 1116 3753 ·

297 3862 454 3925 Ricardus
480 3863 520 3926 de
546 3861 715 3947 Hugciord
741 3866 832 3925 tenet
858 3861 1030 3927 Mmmuon
1057 3881 1114 3944 pro
1137 3860 1161 3946 j.
1188 3861 1212 3925 f.
1238 3860 1325 3945 quod
1348 3859 1512 3924 Waltsrus
1527 3860 1568 3924 de
1582 3861 1752 3945 Hug'eford

251 3951 414 4037 quondam
430 3951 539 4013 tenuit
554 3949 595 4012 de
609 3948 756 4032 predicto
771 3948 947 4013 Willelmo.

295 4083 454 4147 Robertus
469 4083 510 4146 de
525 4083 665 4166 Harleye
680 4087 769 4147 tenet
779 4083 928 4149 Bmsuna
943 4081 1124 4147 Baousuou
1135 4101 1193 4164 pro
1208 4080 1233 4166 j.
1244 4079 1267 4146 f.
1280 4080 1367 4166 quod
1376 4079 1514 4146 Brianus
1523 4080 1563 4146 de
1576 4082 1753 4166 Brompton

253 4172 416 4260 quondam
432 4171 540 4235 tenuit
557 4170 596 4234 ds
612 4170 740 4255 Rogero
754 4170 793 4232 de
808 4169 939 4232 Mortuo
953 4168 1050 4233 Mari.

295 4301 439 4386 Rogerus
466 4299 507 4362 de
531 4297 750 4382 Pedewardyn
777 4305 869 4364 tenet
883 4301 1052 4369 wisnona
1078 4323 1136 4386 pro
1161 4301 1207 4367 di.
1223 4300 1247 4366 f.
1271 4302 1358 4386 quod
1379 4301 1557 4367 Nicholaus
1571 4301 1611 4367 de
1626 4302 1754 4387 Hyntes

250 4390 412 4475 quondam
428 4387 539 4452 tenuit
553 4387 595 4449 de
610 4386 757 4470 predicto
772 4386 910 4474 Rogero.

293 4521 458 4586 Johanues
483 4522 524 4584 de
550 4518 690 4604 Burleye
714 4524 746 4583 et
772 4520 958 4585 Willelmus
984 4523 1025 4585 de
1051 4523 1085 4586 la
1109 4522 1215 4587 Boura
1240 4527 1333 4586 tenet
1347 4523 1456 4590 Asson
1472 4528 1507 4587 ct
1522 4523 1681 4591 Kinaros
1696 4546 1754 4609 pro

251 4610 296 4675 di.
312 4609 336 4675 f.
353 4609 438 4692 qnod
455 4607 568 4671 Simon
584 4608 624 4670 ds
640 4607 777 4693 Burleyc
793 4610 955 4694 quondam
971 4612 1082 4674 tenuit
1097 4610 1138 4673 de
1153 4610 1298 4694 predicto
1313 4609 1450 4696 Rogero.

295 4743 435 4808 Thomas
450 4745 490 4808 de
506 4745 658 4808 Dounion
674 4750 766 4809 tenet
781 4747 943 4814 Dounion
958 4769 1017 4832 pro
1032 4748 1078 4816 di.
1088 4747 1112 4815 f.
1125 4747 1211 4834 quod
1222 4745 1373 4826 Thomas,
1385 4753 1478 4830 pater
1489 4767 1577 4826 snus,
1590 4745 1755 4832 quondam

250 4834 360 4895 tenuit
373 4833 414 4895 de
429 4831 576 4916 predicto
590 4832 728 4917 Rogero.

295 4966 487 5052 Radulphus
502 4968 541 5032 de
557 4970 734 5055 Lyugeyne
750 4975 840 5035 tenet
855 4973 1039 5040 Lnuoamua
1055 4993 1112 5056 pro
1128 4973 1172 5035 di.
1189 4972 1211 5038 f.
1236 4971 1323 5054 quod
1345 4969 1510 5035 Johannes
1524 4970 1565 5035 de
1579 4971 1756 5056 Lyngeync

252 5057 415 5141 quondam
430 5057 540 5120 tenuit
553 5054 594 5120 de
608 5059 755 5140 predicto
772 5058 907 5141 Rogero.

296 5194 441 5276 Rogems
467 5191 584 5257 Corbet
609 5192 650 5256 de
675 5193 855 5259 Haddeleie
882 5201 916 5258 et
941 5197 1116 5281 participes
1143 5198 1193 5259 sui
1208 5202 1324 5260 tenent
1341 5196 1453 5264 somn
1471 5196 1579 5264 Sioua
1594 5216 1652 5278 pro
1666 5194 1713 5261 di.
1730 5196 1755 5264 f.

250 5280 338 5363 quod
352 5278 517 5345 Johannes
532 5280 561 5343 le
576 5281 664 5366 Grey
680 5283 844 5367 quondam
860 5287 969 5347 tenuit
983 5284 1022 5348 de
1039 5283 1184 5346 Waltero
1199 5284 1240 5347 de
1256 5285 1353 5365 Lucy.

294 5416 471 5479 Nicholaus
496 5415 616 5481 Bumel
640 5422 733 5482 tenet
760 5418 935 5486 Ruassuns
962 5440 1020 5504 pro
1045 5421 1069 5507 j.
1085 5420 1108 5485 f.
1123 5420 1211 5502 quod
1232 5418 1419 5503 Stephanus
1435 5420 1476 5483 de
1491 5419 1706 5504 B(it)lerleye
1719 5425 1756 5485 ct

250 5502 426 5569 Petronilla
441 5504 481 5566 de
496 5503 641 5596 Kenleye
657 5506 821 5595 quondam
837 5510 1014 5572 tenuerunt
1028 5509 1069 5571 de
1083 5508 1233 5594 predicto
1248 5506 1403 5573 Waltero.
