4117 6209
948 655 1029 719 sl).
1055 658 1150 719 1431.
1731 660 1795 724 433

333 945 471 1030 Egidius
486 944 673 1026 Deubeney,
687 942 838 1024 chivsler,
854 944 895 1007 de
921 943 1107 1029 Beryngton
1133 946 1168 1007 in
1192 945 1352 1007 comitatu
1379 942 1558 1008 Somersete
1581 946 1646 1009 fuit
1661 946 1791 1010 seisitus

291 1038 354 1098 etc.
370 1033 410 1096 de
425 1032 567 1096 manerio
581 1032 623 1095 de
640 1031 753 1099 Souris
768 1032 944 1097 Purssrou
960 1053 1035 1095 cum
1051 1032 1256 1115 pertinenciis
1272 1033 1347 1112 suis,
1364 1037 1398 1095 et
1414 1032 1497 1095 illud
1511 1034 1692 1097 manerium
1715 1055 1789 1097 cnm

290 1122 358 1183 suis
371 1121 582 1204 pertinenciis
597 1120 708 1184 tenuit
722 1139 779 1202 per
795 1121 965 1182 servicium
979 1120 1004 1205 j.
1021 1121 1044 1185 f.
1060 1142 1105 1185 m.

334 1256 510 1335 Johennes,
540 1259 708 1341 episcopus
738 1253 967 1320 Bathoniensis
997 1262 1032 1320 et
1063 1258 1246 1337 wellensis,
1278 1257 1376 1341 Hugo
1407 1256 1499 1321 Kene
1529 1258 1568 1321 de
1594 1257 1724 1321 Mertolr
1755 1260 1789 1321 in

289 1347 449 1409 comit-stu
465 1346 655 1425 Somersete,
671 1345 863 1429 gentilmcn,
879 1345 983 1407 etalii
1004 1344 1129 1409 feoffcti
1155 1344 1322 1408 Humfridi
1347 1344 1497 1423 stafford,
1513 1345 1642 1422 militis,
1657 1345 1790 1408 fuerunt

292 1435 394 1497 seisiti
409 1440 470 1498 etc.
485 1433 525 1496 de
539 1434 684 1496 manerio
699 1433 740 1494 de
756 1432 868 1497 Lorrn
883 1432 978 1519 juxta
995 1432 1107 1499 Souris
1123 1432 1300 1497 Psusnrou
1327 1452 1402 1493 cum
1428 1432 1494 1493 suis
1520 1434 1738 1514 pertinenciis,
1755 1438 1789 1496 et

289 1520 371 1584 illud
387 1523 567 1585 manerium
583 1520 739 1583 eumenis
755 1521 966 1603 pertinenciis
980 1526 1155 1583 tenuerunt
1172 1541 1229 1603 per
1245 1520 1413 1581 servicium
1428 1519 1453 1603 j.
1470 1520 1492 1583 f.
1509 1541 1555 1584 m.

334 1655 491 1734 Johanns,
506 1675 611 1739 nuper
625 1677 704 1720 uror
718 1656 842 1718 Thome
857 1654 993 1734 Broolse,
1010 1655 1139 1733 militis,
1156 1656 1313 1733 defuncti,
1330 1654 1369 1717 de
1385 1653 1554 1737 Holdyche
1573 1657 1608 1718 in
1631 1657 1790 1719 comitatu

291 1744 445 1821 Devonie‚
462 1744 528 1807 fnit
543 1745 654 1807 seisita
669 1749 733 1809 etc.
749 1744 789 1806 de
814 1744 911 1806 certis
936 1743 1033 1805 terris
1059 1748 1093 1805 et
1119 1744 1315 1805 tenementis
1338 1743 1372 1804 in
1399 1742 1554 1808 cosmos
1579 1742 1732 1809 Dunvrnn
1755 1745 1789 1806 in

290 1829 455 1895 hundredo
478 1832 520 1894 de
543 1830 646 1893 South
670 1830 825 1894 Peterton
850 1851 925 1893 curn
950 1832 1017 1893 suis
1043 1830 1261 1912 pertinenciis,
1286 1834 1319 1893 et
1342 1829 1400 1891 illa
1425 1835 1526 1893 terras
1551 1836 1586 1893 et
1600 1836 1789 1894 tenemente

290 1921 398 1982 tenuit
414 1940 470 2003 per
485 1920 654 1981 servicium
669 1918 796 1982 decime
812 1918 913 2000 partis
926 1918 951 2002 j.
967 1918 991 1982 f.
1006 1938 1051 1982 m.

333 2054 538 2134 Elisabetba,
560 2056 692 2120 domins
716 2055 757 2119 de
782 2054 962 2118 Brotreeur
980 2056 1062 2133 (sio),
1079 2055 1119 2117 de
1133 2053 1252 2117 Terent
1268 2053 1378 2136 Abbey
1393 2056 1426 2117 in
1454 2055 1614 2118 comitatu
1640 2055 1787 2133 Dorsete,

290 2144 418 2221 wedow,
432 2144 497 2207 fuit
521 2146 633 2207 seisite
650 2151 711 2209 etc.
737 2143 777 2205 de
800 2143 940 2224 quodem
964 2142 1094 2205 redditu
1116 2142 1220 2204 oneris
1245 2142 1391 2205 exeuntis
1406 2142 1447 2203 de
1463 2144 1603 2205 manerio
1618 2142 1659 2205 de
1677 2142 1789 2210 Souris

289 2232 475 2310 Pereudos,
493 2231 644 2295 videlicet
658 2231 875 2314 quadraginta
889 2229 1057 2294 librarum.

727 2534 949 2600 Huunnsnou
971 2553 1015 2598 nn
1041 2530 1352 2600 KYNGESBURY.

332 2664 497 2729 Johennes
511 2665 684 2749 Clyvedon‚
700 2663 885 2750 jentilmnn,
901 2664 957 2747 qui
971 2664 1060 2727 dicto
1075 2664 1129 2726 die
1144 2662 1278 2726 Veneris
1293 2664 1357 2725 fuit
1380 2682 1568 2727 conversans
1591 2666 1676 2749 apud
1700 2664 1789 2751 Selys

289 2754 323 2814 in
360 2755 519 2816 comitatu
551 2752 739 2831 wiltescire,
768 2751 832 2815 fuit
861 2752 993 2814 scisitus
1022 2758 1086 2815 etc.
1118 2752 1158 2815 de
1195 2752 1294 2813 certis
1330 2751 1424 2812 terris
1460 2757 1494 2813 et
1532 2755 1725 2817 tenementis
1754 2756 1789 2819 in

289 2840 513 2907 Krrvcnssosr
527 2841 684 2906 Errscorr
699 2840 797 2902 tentis
812 2840 845 2900 in
862 2839 1001 2924 socsgio‚
1012 2859 1077 2922 que
1092 2838 1202 2903 velent
1217 2857 1412 2922 perannum
1427 2838 1514 2903 ultra
1528 2842 1685 2923 reprisam
1701 2863 1760 2907 cs.

334 2974 375 3037 In
390 2974 482 3061 cujus
496 2974 543 3037 rei
557 2974 784 3037 testimonium
798 2980 860 3037 etc.

317 3500 523 3587 [Hunorum
545 3521 589 3565 ms
611 3500 990 3581 ANDREDESFELD‚
1014 3502 1231 3581 PURYTON,
1258 3524 1297 3567 er
1320 3502 1474 3569 NORTH
1496 3499 1760 3586 PETERTONJ

333 3639 511 3721 Inquisicio
540 3646 636 3723 capte
663 3640 750 3722 apud
779 3641 929 3704 Teunton
959 3645 992 3705 in
1022 3645 1182 3705 comitatu
1212 3641 1393 3705 Somersete
1424 3642 1523 3704 tercio
1554 3638 1638 3728 [die]
1667 3643 1788 3705 mensis

289 3724 481 3789 Novembris
503 3746 587 3788 anno
613 3727 705 3811 regni
729 3729 814 3811 regis
840 3729 974 3792 Henrici
990 3731 1073 3793 serti
1088 3738 1161 3812 post
1176 3738 1385 3813 conquestum
1401 3728 1528 3791 decimo
1543 3748 1648 3792 coram
1665 3728 1788 3792 Thoms

291 3812 420 3877 Stowell
443 3813 522 3897 (etc.
547 3836 583 3879 os
607 3817 734 3899 before),
760 3835 815 3897 per
839 3823 1074 3881 sacramentnm
1100 3817 1258 3883 Willelmi
1283 3816 1479 3894 Halleswell,
1506 3814 1630 3878 Thoms
1656 3816 1787 3901 Hugon,

288 3899 446 3964 Johannis
461 3901 630 3980 Msunsell,
646 3900 804 3968 Willelmi
819 3902 1003 3985 Stapnlton‚
1020 3903 1176 3971 Willelmi
1194 3904 1290 3982 Note,
1314 3900 1472 3969 Johsnnis
1488 3904 1625 3987 Vemey,
1642 3902 1788 3987 junioris,

288 3989 422 4055 Walteri
445 3986 658 4072 Haysshford,
685 3988 820 4055 Walteri
844 3990 981 4069 Trebon,
1007 3991 1138 4053 Ricardi
1166 3992 1279 4070 Lucas,
1306 3989 1464 4055 ,Iohannis
1491 3991 1616 4073 Heyne,
1640 3991 1787 4053 Edwardi

289 4077 399 4153 tillon,
415 4084 448 4138 et
463 4074 588 4140 Thome
604 4074 824 4159 Gellsmpton,
842 4080 898 4161 qui
912 4078 1027 4143 dicunt
1042 4085 1104 4143 etc.
1120 4079 1205 4161 quod
1215 4102 1268 4142 :—

331 4249 495 4313 Johsnnes
513 4252 597 4329 (sie),
610 4270 717 4313 comes
743 4249 899 4314 Suffollrie
917 4254 998 4331 (sio),
1014 4252 1068 4315 die
1094 4250 1231 4315 Veneris
1257 4253 1401 4335 proxime
1427 4257 1502 4313 ente
1528 4251 1648 4315 festum
1675 4250 1788 4313 Sancti

290 4337 419 4399 Hillarii
435 4339 617 4420 proximum
631 4342 709 4401 ente
724 4338 833 4400 datam
851 4336 949 4423 hujus
964 4339 1201 4422 inquisicionis,
1216 4338 1280 4401 fuit
1296 4340 1425 4401 seisitus
1440 4345 1502 4402 etc.
1519 4339 1559 4401 de
1581 4339 1726 4401 manerio
1748 4339 1787 4400 de

289 4426 445 4492 Oeensis
459 4425 553 4510 juxte
567 4426 823 4491 Bsnoosvvrrns
836 4446 910 4487 cum
927 4426 1135 4509 pertinenciis
1152 4426 1227 4503 suis,
1253 4429 1287 4489 et
1312 4426 1393 4487 illud
1415 4426 1596 4488 manerium
1622 4446 1695 4488 cum
1722 4428 1787 4488 suis

289 4514 498 4595 pertinenciis
513 4514 622 4575 tenuit
635 4533 694 4595 per
707 4514 879 4575 servicium
894 4514 918 4597 j.
934 4514 956 4578 f.
972 4536 1017 4579 m.
1050 4522 1057 4536 “

333 4644 526 4706 Humfridus
541 4643 735 4727 courtenay,
749 4644 856 4722 miles,
870 4645 910 4709 de
935 4645 1080 4728 Puryton
1108 4647 1141 4708 in
1166 4646 1323 4708 comitatu
1351 4642 1542 4723 Somersete‚
1569 4646 1634 4706 fuit
1660 4645 1789 4707 seisitus

289 4736 350 4796 etc.
365 4732 406 4794 de
421 4734 517 4794 certis
532 4732 624 4795 terris
640 4742 673 4794 et
689 4734 884 4795 tenementis
899 4734 934 4795 in
951 4735 1117 4811 Pnsrrou,
1135 4743 1168 4796 et
1184 4733 1295 4795 eedem
1311 4740 1413 4795 terras
1428 4738 1462 4793 et
1477 4738 1666 4795 tenementn
1681 4734 1788 4795 tenuit

288 4827 345 4901 p'er
358 4820 529 4881 servicium
545 4820 732 4883 medietatis
747 4820 771 4904 j
787 4819 811 4885 f.
827 4842 873 4884 m.

332 4951 463 5035 Agneta
485 4950 605 5034 Bevyle
630 4951 671 5014 de
697 4950 792 5017 Saint
815 4951 1010 5035 Mariewylre
1034 4952 1070 5013 in
1084 4952 1243 5014 comitatu
1259 4951 1430 5028 Cornubie,
1444 4952 1573 5029 sedon,
1588 4952 1651 5013 fuit
1677 4952 1788 5015 seisits

287 5044 350 5102 etc.
370 5039 410 5101 de
424 5040 566 5100 manerio
581 5040 621 5101 de
637 5038 754 5104 Nosru
769 5038 944 5104 Pnrssrou
960 5060 1035 5102 cum
1050 5040 1116 5101 suis
1131 5040 1354 5122 pertinenciis,
1369 5046 1403 5102 et
1418 5039 1501 5101 illud
1518 5040 1696 5103 manerium
1712 5060 1787 5101 cum

287 5128 353 5188 suis
368 5126 577 5207 pertinenciis
594 5127 703 5188 tenuit
718 5146 774 5208 per
789 5127 959 5189 servicium
974 5127 998 5213 j.
1014 5125 1038 5192 f.
1054 5147 1099 5191 m.

332 5257 469 5322 isabella
491 5257 633 5321 Roudon
657 5259 697 5321 de
720 5258 862 5323 Durston
886 5263 921 5323 in
936 5262 1096 5325 comitatu
1114 5260 1307 5336 Somersete‚
1321 5260 1448 5336 wedow,
1462 5258 1528 5321 fnit
1544 5260 1654 5321 seisitc
1669 5262 1731 5323 etc.
1747 5258 1788 5320 de

287 5348 432 5409 manerio
467 5346 509 5408 de
546 5344 703 5411 Dnssrorv
740 5367 814 5410 cum
851 5349 917 5410 suis
954 5350 1175 5433 pertinenciis,
1213 5356 1247 5410 et
1283 5346 1365 5409 illud
1402 5349 1585 5411 manerium
1616 5365 1691 5411 cum
1723 5346 1789 5407 suis

287 5432 496 5518 pertinenciis
510 5434 619 5497 tenuit
634 5453 690 5515 per
704 5434 877 5498 servicium
892 5443 1008 5519 quarte
1022 5438 1124 5519 pertis
1138 5436 1162 5522 j.
1177 5434 1202 5501 f.
1217 5455 1263 5500 m.

350 5568 434 5620 22102
1672 5566 1688 5619 2
1701 5570 1723 5620 E
