4117 6209
890 672 974 738 ll).
1001 675 1096 737 1346.
1697 674 1738 739 57

280 936 325 1000 Et
346 938 386 1002 de
409 938 479 1023 ijs.
506 962 563 1026 pro
589 951 646 1007 xx·
666 948 759 1028 perte
784 947 809 1032 j.
826 947 848 1009 f.
866 968 911 1013 m.
935 953 974 1010 ιιι
999 946 1129 1010 invilla
1153 945 1194 1009 de
1220 947 1382 1023 Brerner,
1409 965 1507 1028 quam
1523 942 1684 1007 Robertus
1699 941 1740 1006 de

236 1023 408 1089 Umfrevill
423 1030 586 1110 quendem
602 1034 722 1106 tenuit,
737 1040 776 1096 ut
791 1034 832 1098 de
847 1034 987 1119 parcella
1001 1034 1135 1097 beronie
1150 1034 1305 1117 predicte,
1321 1038 1418 1116 prout
1433 1033 1618 1097 continetur
1634 1036 1696 1094 etc.

281 1177 326 1242 Et
349 1180 390 1243 de
413 1178 507 1266 iiije.
522 1203 580 1266 pro
606 1192 666 1247 1¹¹¹·
683 1191 775 1269 perte
798 1186 823 1269 j.
839 1186 862 1253 f.
879 1208 924 1252 m.
939 1191 978 1249 ut
1000 1186 1041 1249 de
1062 1205 1128 1249 une
1153 1190 1304 1248 cerueete
1328 1190 1414 1248 terre
1442 1186 1475 1248 in
1491 1185 1741 1259 Memnones,

237 1281 334 1347 quem
350 1267 545 1349 willelmus,
563 1270 652 1335 filius
666 1272 815 1350 Jordeni,
830 1275 994 1359 quendem
1010 1274 1134 1350 tenuit,
1149 1279 1188 1337 ut
1202 1273 1244 1336 de
1267 1273 1406 1357 parcella
1431 1272 1564 1336 beronis
1588 1270 1742 1354 predicte,

236 1357 335 1434 prout
350 1356 535 1420 continetur
550 1363 612 1421 etc.
654 1358 657 1363 ’

281 1488 325 1551 Ει
338 1490 379 1554 de
394 1492 469 1558 xlc.
486 1494 625 1578 receptis
639 1515 698 1577 pre
712 1496 737 1581 j.
753 1494 776 1561 f.
793 1518 839 1561 m.
852 1496 892 1559 de
907 1494 1033 1559 Thema
1049 1495 1181 1580 Heyron
1198 1503 1233 1560 et
1247 1496 1390 1559 Roberte
1404 1495 1550 1579 Heyren,
1561 1498 1600 1558 ut
1614 1496 1647 1557 in
1663 1495 1741 1557 ville

239 1574 279 1637 de
304 1577 429 1657 Fertne,
455 1580 603 1660 Gnoson,
631 1583 862 1662 Kruunnsrou,
889 1588 1003 1668 quarte
1031 1588 1122 1667 perte
1149 1585 1188 1648 de
1215 1584 1410 1663 Hermone,
1439 1603 1503 1666 que
1525 1590 1680 1645 tenentur
1702 1581 1741 1644 de

238 1660 258 1725 J
260 1660 386 1728 ohanne
398 1665 577 1749 Ceuplend,
587 1676 624 1732 ιιι
639 1670 680 1733 de
695 1670 835 1753 percelle
852 1669 983 1734 berenie
997 1672 1037 1736 de
1053 1670 1274 1735 Muscheunce
1288 1673 1323 1733 in
1335 1669 1441 1734 werde
1451 1671 1492 1735 de
1503 1668 1662 1733 Gleudele
1677 1673 1742 1733 etc.

282 1819 326 1881 Et
340 1820 379 1884 de
394 1820 471 1887 xlc.
488 1826 628 1906 receptis
644 1824 678 1887 in
694 1832 823 1907 partem
840 1824 1014 1888 solucionis
1029 1824 1070 1889 de
1085 1827 1173 1909 vili.
1190 1847 1246 1910 pro
1262 1826 1310 1910 iij.
1327 1826 1349 1890 f.
1366 1848 1411 1891 m.
1428 1846 1491 1910 que
1512 1824 1678 1889 Iohannes
1701 1824 1741 1887 de

239 1906 326 1970 Euer
340 1913 432 1971 tenet
447 1910 480 1971 in
497 1909 585 1972 villis
607 1912 717 1976 Psnvr
739 1913 909 1987 Bessum,
926 1912 1074 1993 Prsnou,
1092 1914 1280 1991 Enruereu,
1297 1914 1512 1991 Douruereu,
1530 1912 1741 1978 Geeumwu

243 1992 326 2073 (sic),
347 1994 545 2062 Csnvseeou
567 1998 759 2077 Dsnnnrun,
775 2006 810 2062 et
825 2000 1007 2065 Mrneoenu
1032 2022 1097 2066 een
1123 2002 1235 2068 Scene
1262 2002 1302 2064 de
1327 1999 1433 2064 David
1448 1998 1632 2085 Strebelgy,
1646 2005 1686 2062 ut
1699 1998 1740 2062 de

238 2081 369 2144 berenia
383 2083 423 2146 de
439 2083 576 2147 Mitferd
590 2086 626 2148 in
640 2086 748 2149 werde
762 2085 802 2169 de
819 2086 914 2149 Inter
928 2091 991 2151 etc.

282 2218 326 2281 Et
340 2218 381 2282 de
397 2240 481 2284 xxc.
498 2222 636 2306 receptis
651 2223 691 2287 de
707 2220 859 2285 Johenne
874 2222 915 2285 de
929 2221 1123 2303 Mennevill,
1142 2230 1180 2287 ut
1194 2224 1345 2308 provilla
1361 2224 1402 2287 de
1417 2224 1599 2289 Mrnnoeuu
1618 2224 1740 2300 Scene,

239 2326 300 2389 que
315 2312 445 2370 tenetur
459 2308 500 2370 de
515 2307 663 2372 Johenne
678 2310 718 2373 de
733 2309 822 2373 Euer
837 2330 896 2393 per
912 2311 1087 2373 servicium
1105 2312 1292 2375 medietatis
1317 2313 1342 2396 j.
1360 2311 1383 2377 f.
1400 2332 1444 2374 m.
1469 2318 1508 2375 ut
1533 2310 1573 2373 de
1601 2310 1743 2393 parcella

238 2393 368 2457 beronis
382 2394 423 2459 de
439 2394 576 2459 Mitferd
592 2401 654 2463 etc.
670 2398 756 2480 quod
779 2394 981 2483 [Gilbertus]
1004 2398 1139 2481 Heyron
1154 2405 1188 2463 et
1203 2399 1397 2462 Edmundus
1411 2398 1453 2462 de
1468 2399 1583 2462 Esshet
1597 2397 1742 2481 allegent

236 2482 323 2563 ipses
340 2483 499 2566 recepisse
514 2488 553 2547 ut
568 2484 606 2547 de
622 2484 727 2549 werde
744 2484 784 2548 de
802 2484 903 2550 Inter.

282 2620 326 2682 Et
341 2620 381 2683 de
396 2641 425 2685 x.
432 2640 458 2685 c.
475 2622 614 2703 receptis
629 2642 687 2705 pro
703 2621 777 2706 ffiju
798 2626 890 2704 perte
905 2622 928 2707 j.
946 2622 969 2685 f.
986 2644 1031 2687 m.
1046 2622 1086 2685 de
1101 2622 1268 2686 Willelmo
1282 2623 1323 2685 de
1346 2622 1506 2707 Heselryg
1527 2627 1563 2685 et
1576 2620 1742 2684 Willelme

239 2706 280 2768 de
296 2706 483 2790 Plumpteu‚
497 2709 614 2785 milite,
630 2709 716 2772 unde
731 2708 818 2771 idem
834 2708 1019 2772 Willelmus
1045 2714 1080 2773 et
1096 2710 1281 2773 Willelmus
1302 2716 1418 2773 tenent
1441 2711 1614 2793 seperatim
1629 2708 1742 2771 villam

239 2794 279 2856 de
293 2794 504 2859 Beeunnewn
520 2801 556 2858 et
569 2796 772 2861 Douruereu
796 2815 854 2879 per
876 2794 974 2879 viijre
993 2803 1117 2879 partem
1140 2798 1164 2883 j.
1181 2797 1204 2862 i.
1220 2819 1265 2862 m.
1281 2804 1321 2859 ut
1345 2797 1521 2881 percellem
1547 2796 1679 2861 beronie
1701 2797 1741 2858 de

239 2879 377 2944 Mitferd
392 2887 453 2947 etc.
472 2901 553 2967 ques
568 2883 706 2966 predicti
722 2882 916 2946 Edmundus
932 2892 995 2947 etc.

282 3013 327 3076 Et
341 3014 382 3077 de
398 3014 473 3079 xlc.
490 3015 628 3098 receptis
642 3035 699 3098 pre
714 3016 739 3099 j.
756 3016 779 3081 f.
797 3037 842 3081 m.
859 3015 899 3079 de
916 3015 1068 3081 Gilberte
1095 3016 1134 3079 de
1150 3016 1238 3079 Vsus
1258 3020 1292 3079 et
1316 3016 1421 3078 Alone
1443 3017 1482 3079 de
1504 3016 1622 3079 Felten
1645 3021 1684 3078 ut
1705 3016 1741 3076 in

239 3101 317 3164 ville
331 3103 371 3165 de
387 3102 627 3180 Tneeueueen,
640 3121 701 3187 que
716 3108 846 3166 tenetur
861 3104 902 3167 de
918 3103 1058 3189 Hugeue
1073 3103 1115 3167 de
1132 3103 1281 3187 Reymes,
1290 3109 1328 3167 ut
1342 3104 1382 3166 de
1398 3103 1537 3186 parcella
1552 3103 1685 3167 beronie
1700 3102 1741 3165 de

240 3186 354 3251 Belem
368 3193 430 3253 etc.
447 3189 535 3252 unde
550 3190 690 3272 predicti
708 3190 900 3254 Edmundus
916 3198 979 3257 eto.

283 3326 327 3389 Et
341 3324 380 3389 de
395 3326 449 3391 ιε.
464 3326 550 3389 unde
576 3346 640 3391 ne.
657 3328 697 3391 de
722 3327 850 3412 Rogere
876 3328 916 3392 de
933 3328 1159 3412 Wodryngton
1185 3327 1314 3390 invilla
1338 3327 1376 3391 de
1401 3328 1503 3394 Wssr
1531 3327 1740 3395 Suruseenu

241 3414 376 3497 receptis
392 3433 448 3497 pre
459 3412 486 3496 j.
502 3412 524 3478 f.
541 3418 575 3478 et
590 3413 665 3500 iiij‘·
686 3420 779 3497 perte
801 3416 825 3500 j.
843 3417 864 3478 f.
881 3437 926 3481 m.
943 3417 984 3479 de
1006 3414 1219 3478 Mermeduce
1241 3415 1376 3497 Lomley
1391 3424 1425 3478 et
1451 3414 1556 3476 David
1571 3414 1669 3496 Grey,
1684 3414 1742 3495 qui

240 3506 356 3564 tenent
377 3500 552 3584 seperatim
574 3502 686 3565 vitlem
709 3503 750 3565 de
773 3503 965 3570 Currrurou
982 3503 1083 3570 Wesr
1104 3508 1139 3565 et
1162 3502 1336 3566 Monewrrr
1351 3507 1385 3563 in
1401 3504 1544 3563 monerio
1559 3499 1742 3563 mereumdi

244 3588 271 3665 (ἲ
287 3590 320 3651 in
347 3608 446 3651 menu
473 3588 673 3652 Mermeduci
699 3588 844 3672 Lemley)
873 3591 914 3652 de
940 3610 1013 3674 rege
1038 3591 1092 3654 i.c.
1108 3598 1144 3652 et
1167 3595 1316 3672 quartem
1344 3594 1470 3670 partem
1486 3586 1526 3671 de
1542 3588 1741 3655 cenceros

242 3676 341 3742 Wssr
365 3678 399 3739 in
426 3695 525 3738 manu
548 3675 653 3738 David
680 3673 767 3760 Grey
792 3677 833 3739 de
859 3697 937 3761 rege
960 3678 1015 3741 i.c.
1039 3677 1080 3739 de
1095 3676 1199 3738 werde
1214 3676 1254 3738 de
1272 3674 1376 3751 Inter,
1392 3679 1431 3737 ut
1452 3672 1523 3761 [de]
1544 3675 1677 3739 beronis
1702 3674 1741 3735 de

241 3761 415 3847 Moreeyk,
430 3770 526 3846 prout
539 3764 727 3827 continetur
740 3770 803 3829 etc.
821 3764 907 3827 unde
923 3764 1066 3847 predicti
1080 3762 1272 3825 Edmundus
1288 3769 1349 3827 etc.

285 3899 327 3962 Et
343 3900 383 3963 de
400 3900 476 3985 eje.
493 3898 601 3985 viiju.
617 3900 755 3985 receptis
770 3921 827 3984 pro
843 3901 900 3984 ψ*
921 3907 1013 3983 perte
1029 3902 1054 3986 j.
1072 3900 1095 3966 s.
1111 3922 1155 3966 m.
1171 3900 1213 3962 de
1240 3899 1381 3963 Reberte
1406 3900 1445 3961 de
1468 3898 1501 3961 le
1526 3898 1618 3974 Vale,
1641 3904 1680 3960 ut
1704 3898 1740 3959 in

242 3986 318 4050 ville
331 3987 372 4051 de
387 3986 557 4064 Neesous,
574 4006 638 4072 que
653 3993 784 4051 tenetur
798 3989 837 4051 de
853 3988 998 4051 Henrice
1012 3989 1054 4051 de
1068 3988 1101 4051 le
1115 3987 1209 4067 Vale,
1225 3993 1262 4049 ut
1277 3987 1317 4050 de
1332 3986 1465 4049 beronis
1491 3985 1531 4048 de
1555 3985 1586 4048 le
1601 3984 1680 4048 Vale
1703 3995 1741 4048 ut

240 4074 280 4137 de
296 4074 401 4138 werde
415 4074 454 4137 de
472 4074 564 4137 Inter
580 4080 643 4139 etc.
661 4075 746 4138 unde
764 4075 902 4159 predicti
917 4075 1111 4139 Edmundus
1126 4081 1189 4139 etc.

284 4212 326 4273 Et
341 4212 383 4274 de
399 4232 480 4276 xxc.
497 4214 635 4295 receptis
650 4213 690 4275 de
705 4214 829 4275 Thema
843 4213 883 4275 de
901 4213 1012 4276 Heten
1027 4234 1085 4296 pre
1101 4211 1280 4276 medietate
1293 4210 1317 4297 j.
1334 4212 1357 4273 f.
1373 4232 1418 4275 m.
1434 4218 1473 4274 ut
1494 4232 1552 4295 pro
1567 4210 1742 4273 medietate

241 4298 315 4360 ville
329 4299 370 4361 de
386 4298 586 4377 Hssrnswe,
603 4320 667 4384 qne
684 4304 814 4363 tenetur
828 4300 869 4363 de
883 4320 960 4385 rege
974 4301 1029 4365 i.c.
1046 4308 1085 4363 ut
1099 4301 1140 4362 de
1161 4298 1300 4382 parcella
1325 4298 1455 4361 beronie
1476 4299 1517 4361 de
1539 4297 1657 4381 Gaugy
1679 4304 1741 4362 etc.

240 4395 278 4449 ιιι
292 4387 332 4448 de
347 4387 453 4450 warde
467 4387 508 4450 de
523 4387 624 4465 Inter,
640 4387 725 4450 unde
741 4388 879 4470 predicti
896 4387 1089 4452 Edmundus
1105 4393 1168 4450 etc.

284 4537 328 4599 Et
350 4537 391 4600 de
417 4556 502 4601 xus.
531 4538 669 4621 receptis
695 4559 753 4621 pre
779 4539 883 4602 tribus
909 4538 1057 4621 pertibus
1083 4537 1272 4600 medietatis
1296 4536 1322 4621 j.
1349 4536 1374 4601 f.
1399 4558 1445 4602 m.
1476 4534 1518 4598 de
1540 4534 1678 4597 Ricarde
1701 4536 1743 4600 de

241 4624 398 4707 Hersleye
428 4630 461 4687 et
490 4623 640 4687 lohanne
670 4625 830 4688 Wichend
861 4646 918 4709 pro
948 4626 1053 4689 tribus
1084 4623 1233 4707 pertibus
1259 4623 1336 4685 ville
1365 4624 1406 4686 de
1436 4622 1646 4699 Toeensueu,
1679 4644 1742 4707 que

242 4710 408 4791 Ricardus,
425 4731 531 4773 comes
546 4712 742 4789 Arondellie,
756 4718 849 4776 tenet
876 4716 914 4775 ut
938 4712 1113 4796 percellem
1136 4712 1162 4797 j.
1179 4712 1203 4776 f.
1229 4709 1269 4773 de
1295 4731 1370 4795 rege
1394 4712 1447 4775 i.c.
1463 4718 1525 4773 etc.
1541 4731 1578 4772 eo
1605 4712 1691 4793 qued
1707 4712 1741 4773 in

241 4798 344 4862 werde
360 4798 400 4863 de
416 4798 518 4874 Inter,
534 4807 568 4862 et
583 4819 621 4863 ee
636 4801 720 4885 qued
737 4800 874 4883 predicti
889 4798 1082 4862 Edmundus
1096 4805 1160 4863 etc.

283 4950 328 5013 Et
342 4950 383 5013 de
397 4949 466 5036 iis.
481 4954 625 5035 receptis
642 4972 699 5035 pre
714 4961 769 5017 xx·
789 4958 880 5036 perte
894 4953 918 5038 j.
934 4952 957 5017 f.
973 4971 1019 5016 m.
1037 4951 1078 5014 de
1094 4949 1259 5014 Willelmo
1274 4949 1314 5013 de
1329 4949 1461 5025 l'elten,
1485 4957 1523 5012 ut
1547 4950 1581 5011 iu
1598 4948 1676 5013 ville
1701 4951 1742 5014 de

239 5038 380 5103 Messes
397 5044 430 5100 et
446 5039 656 5117 Nemeseos,
671 5060 730 5122 pre
745 5040 840 5103 terris
856 5060 935 5125 ques
950 5039 1116 5103 Jehennes
1131 5037 1238 5101 Elend
1261 5036 1425 5122 quendem
1448 5038 1555 5100 tenuit
1569 5038 1604 5099 in
1620 5037 1741 5103 eisdem

239 5124 324 5188 vlllis
339 5134 493 5190 oneretur
507 5147 604 5209 super
619 5132 805 5210 compotum
822 5133 859 5190 ut
875 5122 1102 5213 r[espendeet]
1123 5125 1164 5189 ad
1180 5125 1363 5189 evidencies
1377 5123 1581 5187 relevierum.

284 5278 325 5342 lit
339 5279 378 5343 de
393 5278 462 5365 iis.
479 5281 618 5364 receptis
632 5300 690 5362 pro
705 5287 761 5344 xx·
782 5285 874 5363 perte
888 5280 914 5365 j.
925 5278 948 5344 f.
962 5302 1007 5345 m.
1018 5280 1059 5343 de
1073 5280 1186 5343 eodem
1201 5278 1364 5341 Willelmo
1379 5281 1418 5340 ut
1432 5278 1467 5339 in
1482 5275 1569 5339 villis
1585 5274 1742 5357 predictis

236 5365 278 5430 de
305 5368 398 5431 terris
424 5375 457 5430 et
483 5368 683 5431 tenementis
707 5387 770 5451 que
792 5368 956 5449 quendem
981 5366 1145 5431 Jeheunes
1170 5364 1323 5429 Hadhem
1349 5363 1514 5449 quendem
1530 5362 1640 5425 tenuit
1654 5366 1692 5423 ut
1708 5363 1741 5423 in

236 5453 363 5519 eisdem
378 5454 465 5519 villis
480 5458 633 5519 oneretur
648 5475 744 5538 super
759 5460 947 5538 compotum
964 5460 1000 5517 ut
1016 5461 1081 5520 ete.
