4117 6209
319 646 361 710 78
845 650 1294 717 NORTHUMBERLAND.

320 931 444 999 Thoma
473 935 651 1001 Houburne
681 939 722 1002 de
751 938 944 1017 Houburue,
972 940 1166 1025 gentiiman,
1195 939 1482 1004 commissionariis
1510 937 1636 1001 domini
1666 936 1751 1020 regis
1786 936 1822 998 in

319 1024 479 1086 comitatu
515 1022 750 1089 Northumbrie
787 1028 962 1111 assignatis
991 1048 1049 1111 per
1077 1028 1189 1091 literas
1219 1031 1370 1111 patentes
1397 1026 1480 1090 dicti
1509 1025 1635 1089 domini
1665 1024 1752 1107 regis
1780 1022 1822 1085 ad

320 1109 505 1189 levandum,
535 1112 755 1195 colligendum
786 1120 820 1177 et
850 1116 1073 1199 recipiendum
1099 1117 1140 1179 ad
1170 1136 1252 1199 opus
1282 1114 1431 1200 ejusdem
1463 1113 1588 1177 domini
1616 1112 1702 1197 regis
1725 1109 1823 1193 juxta

321 1195 457 1260 formam
472 1199 643 1284 cujusdam
655 1203 869 1265 concessionis
885 1223 943 1286 per
954 1203 1207 1267 communitates
1222 1203 1316 1287 regni
1327 1202 1447 1286 Anglie
1459 1202 1493 1264 in
1509 1201 1725 1284 parliamento
1736 1197 1824 1281 apud

320 1282 643 1351 Westmonasterium
658 1292 751 1352 tento
765 1290 800 1351 in
816 1289 981 1374 quindena
998 1289 1111 1354 Sancti
1127 1289 1300 1353 Michaelis
1316 1290 1434 1353 ultimo
1449 1289 1607 1372 preterita
1621 1287 1661 1350 de
1676 1284 1823 1368 qualibet

320 1390 454 1453 persona
470 1374 583 1437 seisita
597 1375 638 1438 de
653 1377 748 1439 terris
763 1381 797 1440 et
811 1378 1010 1441 tenementis
1024 1377 1110 1441 infra
1121 1378 1249 1441 dictum
1264 1396 1404 1462 reguum
1420 1378 1454 1439 in
1469 1376 1632 1439 dominico
1656 1392 1713 1436 suo
1730 1378 1767 1436 ut
1782 1371 1821 1434 de

320 1457 423 1521 libero
452 1465 653 1541 tenemento,
677 1483 740 1545 que
771 1468 872 1528 terras
901 1470 935 1527 et
965 1470 1159 1529 tenemento
1187 1464 1301 1528 eadem
1334 1483 1473 1547 persona
1503 1462 1735 1547 possessionata
1765 1478 1824 1522 seu

319 1565 453 1627 persone
470 1550 706 1631 possessionate
720 1554 836 1614 tenent
852 1571 911 1615 seu
925 1556 1018 1615 tenet
1042 1551 1220 1615 inmediate
1244 1572 1300 1635 per
1324 1571 1426 1614 unum
1449 1549 1583 1613 feodum
1608 1547 1729 1611 militia
1743 1546 1820 1631 sis.

321 1631 433 1720 viiju.
459 1641 493 1698 et
523 1638 572 1699 sic
601 1638 697 1724 juxta
726 1642 830 1700 ratem
861 1659 963 1723 usque
994 1640 1035 1703 ad
1064 1644 1216 1722 quartem
1244 1645 1373 1722 partem
1399 1638 1488 1700 feodi
1518 1638 1636 1700 militis
1664 1634 1823 1697 inclusive

318 1722 571 1803 possessionibus
582 1724 813 1808 temporalibus
824 1725 1074 1790 decimabiiibus
1084 1724 1637 1809 quibuscumqueacpossessoribus
1647 1722 1823 1786 eorundem

324 1827 381 1891 pro
396 1808 520 1872 eisdem
536 1811 791 1893 possessionibus
806 1814 951 1896 exceptis
967 1834 1023 1897 per
1039 1818 1291 1878 sacramentum.

363 1996 555 2081 Radutphus
571 1997 670 2083 Grey,
687 2000 793 2079 miles,
818 2001 950 2064 seisttus
976 2006 1012 2063 et
1036 1999 1292 2083 possessionatus
1317 2005 1368 2063 est
1391 1999 1427 2062 in
1450 1997 1615 2061 dominico
1639 2015 1698 2059 suo
1723 2000 1761 2059 ut
1784 1994 1825 2057 de

320 2084 414 2148 feodo
429 2085 554 2148 tallisto
569 2086 609 2148 de
621 2087 699 2150 villa
714 2088 754 2150 de
770 2087 932 2153 stamn
947 2108 1022 2149 cum
1039 2087 1262 2170 pertinenciis,
1272 2106 1336 2169 que
1351 2092 1483 2150 tenetur
1497 2085 1538 2147 de
1554 2083 1696 2147 Henrico
1712 2080 1825 2165 Percy,

320 2174 439 2237 comite
454 2171 700 2253 Northumbrie,
714 2181 752 2237 ut
767 2174 808 2236 de
823 2174 970 2239 dominio
987 2194 1045 2238 suo
1061 2174 1102 2237 de
1118 2172 1287 2257 dluewyk,
1303 2194 1360 2257 per
1374 2173 1544 2236 dimidiam
1561 2177 1684 2255 partem
1700 2170 1722 2255 j.
1738 2169 1761 2234 t.
1778 2189 1823 2234 m.

365 2322 541 2387 Nicholsus
557 2323 703 2387 Redome
718 2329 753 2388 et
768 2323 928 2387 Robertus
944 2324 1088 2389 Redome
1104 2325 1210 2387 seisiti
1224 2328 1286 2387 etc.
1302 2322 1343 2387 de
1364 2321 1443 2387 villa
1464 2324 1505 2386 de
1527 2323 1824 2397 ersusououmn

322 2430 385 2493 que
401 2414 532 2473 tenetur
546 2411 728 2475 inmediate
742 2412 783 2475 de
798 2412 945 2494 predicto
959 2413 1080 2476 comite
1094 2432 1152 2495 per
1166 2411 1342 2474 dimidiam
1356 2416 1482 2495 partem
1496 2409 1521 2495 j.
1537 2410 1560 2473 f.
1576 2431 1621 2475 m.

364 2551 559 2637 Radulphus
574 2554 672 2637 Grey,
689 2556 793 2633 mites,
808 2555 941 2620 seisitus
956 2559 1018 2621 etc.
1035 2555 1075 2618 de
1090 2554 1270 2620 medietate
1285 2554 1363 2619 ville
1378 2554 1419 2618 de
1444 2554 1581 2633 Howsrr,
1605 2574 1668 2637 que
1694 2558 1826 2617 tenetur

321 2641 361 2705 de
376 2641 522 2724 predicto
536 2641 657 2705 comite
673 2647 713 2706 ut
726 2642 768 2707 de
783 2643 947 2707 dominico
965 2645 1034 2723 (sic)
1052 2664 1112 2707 suo
1128 2642 1285 2727 predicto,
1299 2662 1357 2727 per
1371 2642 1586 2706 medietatem
1599 2642 1625 2727 j.
1641 2641 1665 2704 f.
1682 2660 1726 2705 m.

366 2780 541 2843 Adomarus
571 2779 717 2864 Herm,
747 2779 932 2847 Willelmus
963 2780 1123 2866 Herdyng
1155 2786 1190 2845 et
1219 2779 1278 2842 aiii
1304 2779 1412 2843 seisiti
1437 2785 1502 2843 etc.
1525 2800 1565 2842 ex
1589 2777 1724 2841 diversis
1749 2795 1823 2839 con·

322 2866 522 2930 cessionibus
536 2868 577 2931 de
592 2867 693 2930 altera
709 2866 887 2931 medietate
902 2867 1048 2951 predicte
1062 2867 1139 2931 viite
1154 2867 1193 2930 de
1216 2866 1348 2945 Hortus,
1371 2887 1433 2952 que
1457 2872 1588 2930 tenetur
1611 2865 1652 2928 de
1678 2863 1825 2947 predicto

321 2955 453 3031 comite,
468 2958 507 3017 ut
522 2954 561 3017 de
577 2954 739 3018 dominico
755 2974 814 3019 auo
828 2956 985 3037 predicto,
1002 2976 1060 3039 per
1073 2955 1287 3019 medietatem
1297 2954 1325 3036 j.
1342 2954 1365 3019 i.
1382 2975 1428 3019 ιιι.

364 3091 528 3156 Johanues
543 3088 728 3175 Swynhowe
742 3090 783 3155 de
800 3091 871 3155 itok
888 3092 1018 3156 seisitus
1033 3097 1095 3155 etc.
1105 3092 1144 3155 de
1156 3092 1234 3156 villa
1248 3092 1288 3154 de
1304 3091 1388 3168 Roa,
1399 3111 1464 3175 que
1478 3094 1610 3153 tenetur
1623 3090 1664 3154 de
1679 3087 1825 3172 predicto

322 3181 452 3257 comite,
468 3186 506 3241 ut
520 3180 562 3243 de
577 3180 725 3242 dominio
740 3200 797 3243 suo
813 3180 969 3262 predicto,
986 3200 1044 3263 per
1058 3179 1230 3243 dimidiam
1245 3186 1372 3263 portem
1387 3180 1412 3264 j.
1429 3177 1452 3247 f.
1468 3199 1513 3242 m.

364 3315 505 3380 Thomas
522 3314 744 3397 Besmounde,
760 3315 912 3396 chivaler,
926 3316 1058 3381 seisitns
1072 3323 1135 3380 etc.
1149 3316 1191 3381 de
1217 3315 1297 3379 villa
1321 3315 1362 3379 de
1386 3316 1586 3383 Omansrors
1612 3315 1740 3391 Nossa,
1762 3332 1826 3396 que

320 3409 452 3557 terpetlplr
467 3403 645 3468 inmediate
660 3404 702 3467 de
717 3404 864 3488 predicto
878 3404 1010 3484 comite,
1025 3409 1065 3467 ut
1079 3404 1120 3468 de
1135 3404 1281 3467 dominio
1296 3423 1354 3467 suo
1369 3403 1527 3487 predicto,
1540 3422 1598 3486 per
1612 3401 1825 3465 medietatem

323 3512 347 3577 J.
380 3541 388 3557 .
443 3540 450 3556 .

364 3628 523 3693 Robertus
538 3628 681 3707 Forster‚
696 3630 828 3692 seisitus
844 3632 906 3693 etc.
923 3628 962 3692 de
976 3628 1055 3691 villa
1069 3628 1110 3691 de
1126 3628 1318 3708 Eonnsrorr,
1340 3647 1405 3711 que
1429 3631 1562 3691 tenetur
1582 3626 1764 3689 inmediate
1785 3623 1826 3687 de

325 3716 472 3800 predicto
486 3717 617 3794 comite,
635 3721 671 3779 ut
686 3717 727 3780 de
741 3717 886 3779 dominio
901 3737 959 3779 suo
974 3716 1132 3799 predicte,
1150 3736 1206 3800 per
1221 3720 1371 3799 quartam
1386 3720 1513 3799 partem
1527 3714 1551 3799 j.
1567 3714 1591 3776 f.
1606 3733 1651 3778 m.

366 3854 387 3916 J
388 3854 529 3917 ohannes
545 3850 744 3930 Middelton,
758 3853 912 3931 chivaler,
927 3854 1063 3917 seisitus
1078 3858 1140 3917 eto.
1152 3854 1193 3917 de
1209 3853 1296 3917 villis
1310 3854 1352 3916 de
1367 3853 1526 3919 Bonusors
1542 3857 1577 3916 et
1590 3851 1825 3934 Puerumque

321 3948 479 4005 tenentur
494 3940 534 4003 de
550 3940 696 4023 predicto
712 3941 845 4018 comite,
859 3946 897 4004 ut
912 3940 952 4004 de
966 3940 1112 4004 dominio
1127 3961 1185 4005 suo
1198 3941 1359 4025 predicto,
1373 3961 1431 4024 per
1445 3940 1661 4003 medietatem
1675 3938 1700 4023 j.
1717 3937 1740 4001 f.
1756 3959 1802 4004 m.

364 4076 524 4141 Robertus
557 4075 735 4155 Herboteli,
760 4078 890 4141 seisitus
919 4084 984 4143 etc.
1015 4077 1056 4142 de
1086 4078 1268 4143 medietate
1295 4078 1474 4141 hamelette
1503 4078 1570 4156 (sic)
1603 4075 1644 4138 de
1673 4074 1826 4139 Parenos

323 4165 480 4249 predicta,
495 4170 528 4227 et
545 4164 630 4249 quod
646 4161 799 4241 Thomas,
814 4165 901 4248 prior
917 4166 956 4229 de
970 4163 1190 4248 Tyuemoutb,
1204 4173 1241 4229 et
1254 4164 1402 4252 ejusdem
1422 4164 1485 4227 loci
1508 4168 1697 4241 conventus,
1723 4162 1825 4225 seisiti

324 4258 360 4315 et
383 4252 613 4335 possessiouati
637 4259 713 4313 suut
737 4259 777 4315 ut
797 4251 837 4315 de
860 4252 933 4338 jure
957 4253 1090 4316 ecclesie
1119 4273 1176 4316 sue
1200 4253 1241 4316 de
1264 4253 1369 4317 altera
1395 4252 1576 4315 medietate
1601 4252 1636 4314 in
1661 4270 1778 4333 puram
1791 4256 1826 4314 et

321 4344 508 4423 perpetuam
533 4338 755 4417 elemosinam,
776 4346 811 4402 et
834 4338 920 4423 quod
944 4340 1090 4423 predicta
1113 4339 1280 4403 hamelata
1305 4344 1437 4403 tenetur
1463 4338 1503 4401 de
1524 4338 1672 4422 predicto
1693 4336 1826 4417 comite,

320 4432 359 4492 ut
374 4426 415 4490 de
433 4427 567 4489 domiuo
583 4446 639 4489 suo
654 4425 812 4508 predicto,
827 4447 884 4511 per
899 4433 1050 4510 quartam
1064 4431 1193 4511 partem
1207 4428 1232 4513 j.
1247 4427 1272 4492 i.
1288 4448 1333 4493 m.
1777 4461 1781 4467 ·

366 4564 555 4647 Radulphus
570 4563 670 4647 Grey,
685 4562 840 4642 cbivaler,
853 4564 873 4628 J
877 4562 1019 4629 ohannes
1035 4564 1208 4644 Mideltou,
1225 4563 1378 4643 chivaler,
1392 4567 1427 4628 et
1442 4560 1619 4625 Edwardus
1633 4560 1827 4644 Wetewang,

321 4659 355 4715 et
371 4651 500 4716 heredes
514 4650 639 4714 Thome
655 4651 822 4717 Howburn
838 4654 945 4715 seisiti
960 4658 1024 4717 etc.
1043 4653 1266 4737 unusquisque
1292 4671 1351 4735 per
1372 4672 1406 4715 se
1429 4650 1615 4734 seperatim,
1631 4669 1670 4713 ex
1694 4647 1828 4711 diversis

323 4738 581 4802 concessionibus
610 4738 650 4801 de
680 4739 769 4802 villis
799 4739 840 4803 de
869 4739 1012 4803 NuuToN
1037 4754 1144 4803 sunna
1171 4739 1285 4815 Manu,
1308 4739 1479 4814 ΗΙΒΒΠΒΝ,
1505 4743 1540 4802 et
1567 4735 1740 4815 Yunnm,
1766 4754 1828 4819 que

320 4830 473 4889 tenentur
488 4824 527 4888 de
542 4825 688 4910 predicto
703 4827 836 4905 comite,
851 4833 889 4889 ut
903 4826 945 4890 de
961 4827 1108 4891 dominio
1123 4847 1181 4890 suo
1197 4826 1355 4910 predicto,
1370 4846 1427 4909 per
1440 4825 1614 4888 servicium
1628 4824 1653 4908 j.
1669 4823 1693 4887 i.
1711 4843 1756 4888 m.

363 4961 513 5028 Johanns
539 4964 790 5050 Fauconbrsgge
814 4970 848 5028 et
874 4962 1042 5028 Johanues
1070 4964 1193 5029 Oolviie
1219 4964 1324 5028 seisiti
1348 4969 1410 5027 etc.
1426 4962 1467 5025 de
1497 4961 1778 5029 Sssuuuusssarrs
1792 4962 1829 5023 et

322 5052 463 5128 Bomos,
492 5071 556 5134 qne
584 5056 740 5115 tenentur
770 5053 809 5115 de
839 5052 985 5136 predicto
1014 5053 1148 5132 comite,
1180 5056 1218 5115 ut
1247 5052 1289 5115 de
1320 5050 1466 5113 dominio
1495 5069 1554 5112 suo
1585 5048 1741 5132 predicto,
1773 5067 1830 5130 per

324 5140 540 5203 medietatem
554 5140 578 5224 j.
595 5138 618 5203 f.
635 5160 681 5204 m.

364 5276 506 5339 Thomas
523 5276 677 5359 byiburn,
694 5274 836 5338 Thomas
854 5274 1052 5356 Middelton,
1069 5282 1106 5339 et
1121 5273 1289 5339 Johanues
1305 5272 1469 5357 Delpsrke
1484 5271 1591 5336 seisiti
1614 5276 1678 5336 ete.
1694 5269 1829 5334 devilia

322 5365 363 5429 de
374 5364 647 5432 Ousvuurrteusn
657 5384 732 5427 cum
747 5354 967 5444 pertinenciis,
979 5365 1038 5446 qui
1053 5365 1121 5443 (sie)
1136 5368 1268 5427 tenetur
1282 5362 1323 5425 de
1339 5360 1486 5446 predicto
1496 5360 1616 5425 comite
1629 5355 1671 5422 de
1684 5357 1830 5421 dominio

322 5472 380 5515 suo
395 5452 551 5535 predicto,
570 5472 625 5537 per
641 5463 793 5535 quartam
809 5458 937 5534 partem
948 5452 977 5535 j.
993 5451 1017 5514 f.
1033 5470 1081 5517 m.
