4117 6209
904 687 986 752 At).
1013 689 1109 753 1431.
1688 687 1752 752 267

295 968 473 1050 Jchanues,
488 973 638 1036 dominns
653 973 783 1054 Talbot‚
799 973 949 1053 chivaler,
966 978 1059 1038 tenet
1074 973 1255 1037 manerium
1271 974 1312 1036 de
1328 973 1487 1041 Numeros
1502 993 1560 1058 per
1580 973 1751 1037 servicium

252 1060 276 1144 j.
293 1058 316 1122 f.
333 1078 378 1123 m.
396 1059 435 1122 de
451 1081 514 1144 quo
530 1061 692 1144 ignorent,
709 1067 744 1124 et
759 1061 845 1124 valet
860 1069 922 1125 etc.
939 1082 999 1126 cs.

297 1195 388 1259 Idem
404 1197 555 1260 dominus
571 1197 686 1262 Talbot
701 1204 793 1262 tenet
809 1200 990 1262 manerium
1006 1197 1046 1262 de
1063 1199 1220 1267 Sunuuav
1235 1218 1292 1280 per
1308 1196 1479 1260 servicium
1494 1197 1518 1281 j.
1536 1197 1558 1260 f.
1571 1217 1616 1260 m.
1630 1195 1671 1258 de
1686 1216 1751 1278 quc

252 1282 412 1364 ignorant,
426 1289 459 1347 et
476 1285 560 1348 valet
575 1292 638 1351 etc.
656 1287 729 1352 lna.

297 1417 461 1484 Johannes
480 1421 589 1505 Bruyu
607 1429 695 1485 tenet
712 1423 894 1486 innuerium
910 1423 950 1486 de
966 1424 1121 1490 Ovnarou
1137 1442 1210 1484 cum
1226 1421 1365 1504 quadum
1381 1421 1522 1503 partein
1545 1420 1671 1486 Evvnon
1695 1440 1752 1502 per

254 1506 425 1569 servicium
441 1509 628 1572 medietatis
642 1511 665 1596 j.
682 1511 705 1574 f.
722 1531 766 1575 m.
783 1510 823 1572 de
839 1531 903 1592 quo
917 1511 1079 1594 ignorant,
1094 1515 1127 1573 et
1144 1509 1231 1571 valet
1246 1515 1309 1573 etc.
1325 1508 1402 1574 lx.e.

297 1641 437 1708 Thomas
452 1645 584 1728 Hcpton
599 1646 640 1709 de
655 1646 788 1730 Hopton
804 1648 837 1710 in
853 1646 966 1710 ecdem
983 1647 1155 1726 comitatu,
1170 1647 1364 1731 gentilman,
1390 1651 1479 1709 tenet
1507 1646 1685 1708 manerium
1711 1645 1751 1708 de

254 1727 479 1798 Bosamuou
495 1754 550 1816 per
564 1735 735 1796 servicium
752 1737 851 1797 tercie
865 1735 968 1817 partis
989 1734 1013 1819 j.
1031 1735 1053 1797 f.
1069 1755 1113 1798 m.
1130 1733 1170 1798 de
1187 1754 1251 1818 quo
1265 1735 1426 1817 ignorant,
1442 1739 1476 1796 et
1491 1732 1577 1796 valet
1592 1738 1654 1797 etc.
1671 1732 1714 1797 xl.
1724 1756 1750 1797 e.

297 1866 455 1933 Robertus
471 1869 691 1957 Seyntgeorge
706 1876 799 1936 tenet
813 1871 997 1934 manerium
1013 1871 1055 1934 de
1072 1871 1241 1939 Srnevnnu
1257 1892 1313 1955 per
1328 1872 1500 1936 servicium
1529 1871 1626 1934 tercie
1651 1870 1752 1952 partis

254 1953 278 2039 1'.
293 1955 316 2020 s.
331 1976 377 2021 m.
394 1955 512 2040 dequo
528 1958 689 2040 ignorant,
705 1963 737 2022 et
753 1958 916 2024 valetote.
932 1958 1007 2023 xis.

299 2090 455 2155 Ricardus
471 2093 590 2157 Archer
617 2095 657 2157 de
681 2095 796 2159 Ercalc
818 2096 850 2159 in
874 2096 989 2160 ecdem
1005 2096 1175 2174 comitatu,
1189 2096 1382 2180 gentilman‚
1398 2100 1488 2158 tenet
1503 2101 1592 2158 carta
1606 2100 1705 2158 terras
1720 2100 1753 2157 et

256 2183 444 2242 tenemento
470 2181 504 2242 in
532 2181 674 2248 Msunnv
689 2202 747 2265 per
773 2185 945 2246 servicium
971 2193 1084 2266 quarte
1109 2185 1210 2266 part-is
1235 2182 1259 2269 j.
1274 2185 1298 2248 f.
1315 2204 1361 2249 m.
1387 2182 1513 2265 dequo
1539 2183 1703 2268 ignorant,
1719 2188 1753 2244 et

164 2327 168 2336 ,
256 2265 365 2329 valent
381 2273 443 2330 etc.
460 2288 545 2334 rme.

299 2404 397 2490 Hngc
413 2405 566 2490 Hernage
582 2407 623 2469 de
640 2406 806 2491 Sheyntcn
822 2410 856 2469 in
871 2407 983 2470 eodem
999 2408 1170 2484 comitatu,
1184 2408 1378 2492 gentilman‚
1393 2412 1484 2470 tenet
1507 2408 1691 2471 manerium
1715 2407 1754 2469 de

260 2491 436 2560 Suuvuros
455 2492 496 2556 de
512 2493 594 2558 duce
610 2493 747 2558 Eboraci
763 2517 821 2579 per
837 2495 1007 2559 servicium
1025 2493 1061 2580 ij.
1078 2496 1221 2577 partium
1237 2495 1262 2580 j.
1278 2495 1301 2559 f.
1318 2516 1364 2561 m.
1381 2500 1414 2557 et
1430 2493 1516 2556 valet
1529 2501 1591 2558 etc.
1608 2494 1684 2558 lr.e.

301 2627 388 2692 Item
404 2632 519 2694 dicunt
532 2631 618 2714 quod
633 2636 695 2697 etc.
715 2635 763 2713 (ac
779 2631 905 2717 deforet

698 2967 918 3033 Husunenuu
942 2987 985 3032 us
1008 2965 1306 3034 MONSELOWE.

301 3119 480 3206 Inquisicic
494 3119 656 3183 hundredi
670 3120 710 3183 ds
725 3120 918 3184 Monselove
932 3125 1027 3204 capta
1041 3121 1127 3202 apud
1143 3117 1314 3182 Ludelovre
1328 3118 1380 3182 die
1395 3119 1488 3181 Lune
1510 3118 1655 3202 proxima
1678 3128 1755 3183 ante

258 3205 376 3270 festum
408 3207 520 3272 Sancti
551 3206 700 3285 Martini,
729 3208 882 3292 episcopi,
913 3214 975 3272 etc.
1006 3205 1056 3284 (aa
1094 3205 1219 3289 before),
1249 3226 1305 3288 per
1336 3212 1573 3269 sacramentum
1604 3204 1756 3269 Edwardi

258 3293 425 3377 Leyghton
449 3294 489 3358 de
518 3294 661 3371 Mershe,
688 3294 842 3358 willelmi
869 3295 1008 3378 Mjnton
1032 3294 1073 3355 de
1098 3293 1235 3375 Henley‚
1264 3292 1417 3356 Willelmi
1443 3292 1612 3370 Robertus,
1636 3291 1756 3377 Rogeri

258 3380 358 3460 More,
374 3381 532 3446 Willelmi
549 3381 655 3465 Sprot,
675 3383 801 3446 lticurdi
817 3380 921 3464 Bayly
936 3382 976 3444 de
993 3380 1243 3457 walleranus
1267 3378 1425 3462 Chirbury
1447 3380 1487 3442 de
1514 3379 1602 3456 Pole‚
1624 3380 1754 3443 Walteri

258 3467 374 3546 Ocdnr,
389 3468 523 3533 vt'alteri
542 3469 694 3542 Barbom,
711 3469 833 3532 Thome
861 3467 959 3554 Dyer,
981 3466 1141 3531 Jchannis
1167 3465 1335 3546 Benthale,
1361 3473 1397 3532 et
1419 3465 1577 3530 Johsnnis
1601 3465 1756 3543 Bedston‚

257 3555 312 3638 qui
326 3556 441 3619 dicunt
455 3556 541 3642 quod
552 3582 606 3621 :-

300 3743 483 3810 Willelmus
521 3743 654 3826 Bcerley
683 3743 725 3806 de
765 3743 965 3826 Brcmycroit
1001 3743 1036 3804 iu
1072 3742 1231 3807 comitatu
1268 3741 1407 3824 Salopie,
1437 3739 1636 3826 gontelmnn,
1666 3746 1756 3806 tenet

259 3832 437 3894 manerium
474 3829 515 3893 de
552 3831 780 3897 Tuouonuouu
818 3850 875 3913 per
910 3830 1082 3894 servicium
1118 3828 1305 3893 medietatis
1341 3828 1366 3914 j.
1398 3827 1421 3894 f.
1453 3849 1498 3894 m.
1529 3828 1570 3891 de
1607 3826 1755 3892 Johanne

260 3915 472 3995 Mantravers,
485 3917 603 3996 milite,
619 3917 753 3981 dominc
769 3917 810 3980 de
826 3916 993 3994 Arundeit
1008 3916 1095 3999 quod
1111 3917 1197 3981 valet
1209 3923 1271 3982 etc.
1288 3914 1364 3981 xic.

301 4053 466 4119 dohannes
481 4053 659 4138 Wyllaston
675 4055 710 4117 iu
727 4054 840 4118 ecdem
855 4056 1024 4134 comitatu,
1042 4051 1266 4138 fraunlrelayn‚
1278 4059 1311 4116 et
1324 4052 1480 4116 Ricardus
1496 4050 1592 4116 Cotes
1606 4053 1645 4116 de
1661 4053 1758 4117 Gotes

259 4143 292 4204 in
308 4142 420 4206 eodem
435 4142 605 4220 comitatu,
621 4140 845 4224 ireunkeiayn‚
862 4148 978 4206 tenent
993 4147 1082 4205 certa
1107 4148 1206 4205 terras
1229 4149 1263 4205 et
1288 4147 1477 4205 tenemento
1502 4143 1535 4203 in
1552 4141 1757 4208 Wvunasron

260 4249 315 4312 per
330 4230 501 4293 servicium
518 4238 633 4313 quarte
647 4229 748 4312 pertis
763 4229 787 4315 j.
804 4230 826 4294 f.
844 4250 889 4295 m.
904 4231 945 4293 de
960 4228 1108 4313 predicto
1122 4227 1271 4292 Johanne
1285 4227 1499 4307 Mautravers,
1515 4232 1549 4289 et
1565 4227 1676 4291 valent
1694 4238 1757 4294 ete.

259 4337 328 4383 xxx.
339 4341 363 4382 c.

303 4452 468 4521 Johannes
483 4451 628 4536 Esthope
642 4453 683 4516 de
699 4449 875 4534 Presthope
891 4455 925 4516 in
939 4453 1054 4517 eodem
1068 4453 1238 4526 comitatu.
1254 4452 1452 4536 gontelman‚
1467 4456 1558 4515 tenet
1575 4453 1758 4516 manerium

260 4539 544 4713 gglgsgtffoffiijr
558 4539 729 4604 servicium
746 4539 935 4604 medietatis
958 4539 982 4626 j.
998 4539 1021 4605 f.
1038 4561 1083 4605 m.
1099 4541 1139 4603 de
1164 4541 1310 4624 predicto
1336 4537 1484 4606 ,Iohanne
1499 4537 1710 4619 Meutravers,
1725 4548 1759 4603 et

304 4761 487 4829 Willelmus
523 4759 659 4844 Boerley
697 4760 738 4823 de
776 4758 977 4845 Brcmycrcft
1014 4761 1049 4822 in
1088 4759 1202 4823 ecdem
1232 4760 1403 4838 comitatu,
1433 4759 1635 4841 gentum,
1666 4766 1759 4824 tenet

261 4850 443 4913 manerium
468 4847 508 4911 de
533 4849 689 4914 Bsoarou
713 4868 770 4931 per
796 4849 965 4912 servicium
990 4847 1180 4912 medietatis
1204 4848 1230 4934 j.
1253 4847 1276 4912 f.
1299 4868 1345 4913 m.
1372 4847 1413 4911 de
1439 4847 1588 4928 predicto
1612 4846 1760 4916 Johanna

260 4933 462 4999 Mautravers
476 4943 510 4998 et
525 4934 609 4998 valet
622 4942 684 5000 etc.
700 4957 728 4998 c.
737 4954 764 4999 c.

303 5072 459 5136 Ricardus
490 5071 607 5136 Archer
637 5081 730 5137 tenet
758 5073 938 5136 manerium
969 5072 1010 5135 de
1035 5071 1247 5140 Mennsurou
1273 5091 1330 5155 per
1356 5071 1527 5135 servicium
1555 5071 1578 5158 j.
1605 5072 1627 5136 f.
1650 5092 1695 5138 m.
1720 5074 1760 5137 de

260 5161 406 5242 predicto
421 5160 441 5226 J
442 5157 566 5223 ohanne
581 5159 792 5238 Meutrcvers,
808 5166 842 5223 et
855 5159 942 5224 valet
956 5164 1020 5223 etc.
1037 5181 1068 5225 x.
1079 5161 1113 5225 li.

306 5296 469 5363 Jchcnues
498 5295 638 5375 Rudclii,
665 5299 767 5373 miles,
792 5297 832 5361 de
859 5298 1016 5361 comitatu
1053 5298 1273 5382 Longccstrie,
1305 5303 1339 5359 et
1371 5295 1543 5373 Kotenna,
1571 5314 1650 5357 uxor
1678 5295 1760 5380 ejus,

263 5389 376 5447 tenent
390 5385 571 5447 manerium
589 5385 629 5446 de
646 5386 870 5452 Russnnsunv
887 5385 944 5468 per
960 5385 1131 5448 servicium
1156 5385 1180 5471 j.
1197 5383 1219 5449 i.
1235 5404 1280 5450 m.
1296 5383 1381 5467 quod
1396 5388 1529 5446 tenetur
1543 5381 1705 5467 quondam
1720 5383 1763 5446 de

262 5469 405 5537 Walterc
421 5471 518 5554 Lacy,
535 5471 621 5556 quod
637 5471 725 5534 valet
739 5479 802 5536 etc.
819 5493 847 5537 c.
858 5496 884 5538 e.
