4117 6209
931 669 1013 736 al).
1039 672 1134 736 1428.
1719 669 1782 736 aul

320 948 478 1016 Dominus
504 953 665 1016 Walterus
693 955 913 1040 Hungerfcrd,
939 957 1045 1036 miles,
1071 961 1164 1020 tenet
1188 956 1380 1020 immediate
1408 962 1470 1023 etc.
1496 961 1584 1022 certa
1613 962 1713 1021 terras
1742 962 1776 1020 et

272 1040 466 1206 {eiessm
488 1041 523 1102 in
552 1041 659 1108 Sronn
686 1042 822 1122 Essem,
849 1064 911 1127 que
926 1065 1031 1128 nuper
1045 1044 1178 1108 fuerunt
1193 1044 1378 1130 Margarcte
1394 1044 1520 1130 Moyles
1535 1065 1594 1129 per
1608 1045 1776 1110 servicium

322 1261 460 1327 Thomas
476 1264 632 1330 Chaucers
647 1272 738 1332 tenet
751 1269 947 1332 immediate
962 1275 1024 1335 eto.
1041 1274 1127 1336 certa
1143 1275 1245 1335 terras
1260 1275 1295 1335 et
1309 1275 1497 1334 tenemento
1510 1270 1546 1333 in
1570 1271 1598 1335 N
1601 1291 1778 1349 awannam,

278 1368 339 1434 que
354 1370 458 1435 nuper
473 1351 604 1418 suerunt
620 1355 784 1419 Edmundi
801 1355 947 1422 Berford.
1021 1357 1029 1368 ‘

322 1489 522 1571 Elisabetha,
536 1496 704 1559 comitissa
719 1495 865 1574 Eboraci,
883 1498 976 1559 tenet
990 1493 1181 1558 immediate
1197 1499 1258 1560 eto.
1276 1498 1364 1558 certa
1379 1499 1479 1557 terras
1494 1497 1528 1558 et
1543 1498 1730 1559 tenementa
1740 1495 1776 1558 in

278 1575 429 1656 Gonnus,
444 1599 508 1663 que
522 1600 626 1665 nuper
640 1583 773 1646 inerunt
789 1581 949 1647 Johannis
964 1581 1078 1664 Melyn
1095 1601 1152 1664 per
1167 1583 1340 1646 servicium
1354 1580 1391 1668 ij.
1407 1581 1431 1647 i.
1447 1602 1493 1648 m.

320 1715 511 1782 Edmnndus
526 1720 615 1784 Rede
630 1727 725 1785 tenet
739 1723 930 1785 immediate
945 1725 1007 1785 etc.
1019 1726 1108 1784 certa
1122 1726 1225 1784 terras
1241 1726 1275 1784 et
1290 1725 1482 1784 tenemento
1493 1721 1526 1783 in
1538 1721 1775 1799 Grsuamsson,

276 1823 339 1886 que
354 1823 457 1889 nuper
471 1807 606 1871 fuerunt
620 1807 744 1872 Thome
761 1807 1011 1874 Whitecherche
1026 1828 1084 1892 per
1100 1810 1274 1871 servicium
1289 1809 1314 1892 j.
1330 1807 1353 1872 f.
1369 1829 1412 1873 m.

319 1942 463 2008 Heredes
479 1945 637 2009 Wiilelmi
653 1947 768 2010 Basset
783 1951 875 2009 tenet
895 1948 962 2024 (sire)
988 1947 1180 2009 immediate
1206 1950 1268 2008 etc.
1286 1948 1375 2008 certa
1399 1951 1503 2008 terras
1526 1951 1560 2009 et
1585 1950 1776 2010 tenemento

276 2029 310 2091 in
326 2030 489 2099 Irnnsnnu
505 2055 563 2116 per
577 2035 751 2099 servicium
767 2034 841 2119 iiije
861 2037 961 2117 partis
978 2035 1000 2098 f.
1018 2054 1064 2098 m.

319 2166 415 2232 Nulle
431 2169 493 2233 alie
509 2191 643 2255 persone
659 2177 723 2237 etc.
744 2177 791 2250 (aa
808 2171 935 2250 before).

766 2435 963 2500 Dnosuarus
986 2453 1029 2498 na
1052 2430 1295 2499 OOTYSDON.

316 2570 497 2656 Inquisicio
521 2577 618 2654 capta
641 2572 727 2653 apud
752 2569 907 2636 Ootisden
934 2571 1004 2657 xiij.
1021 2571 1075 2634 die
1101 2569 1183 2634 Maii
1209 2589 1293 2634 anno
1317 2569 1409 2654 regni
1435 2570 1522 2652 regis
1537 2567 1670 2633 Henrici
1686 2571 1772 2633 sexti

272 2662 363 2723 sexto
378 2678 486 2722 coram
501 2657 641 2722 Ricardo
655 2657 797 2742 Pippsrd
814 2668 879 2725 etc.
902 2665 949 2740 (aa
965 2660 1092 2743 before),
1109 2679 1166 2741 per
1181 2663 1422 2721 sacramentum
1436 2661 1500 2722 etc.
1512 2678 1565 2719 2--

315 2842 407 2908 Iuira
432 2845 626 2910 decanatum
649 2844 720 2933 [de]
742 2845 898 2910 Cotisdon
923 2846 1071 2930 predicto
1092 2851 1141 2910 est
1164 2844 1319 2929 parochia
1346 2845 1482 2908 ecclesie
1508 2845 1549 2908 de
1576 2846 1769 2925 0nnnaunr,

270 2930 356 2994 inira
371 2952 467 3018 quam
484 2931 668 3017 parochiam
685 2953 750 2997 non
766 2939 844 2998 sunt
859 2957 889 3000 x.
905 2932 1129 2997 inhabitantes
1144 2940 1177 2996 et
1194 2933 1362 2996 domicilia
1378 2937 1538 2998 tenentes.

784 3201 981 3267 Dnoauarus
1004 3222 1048 3265 os
1071 3200 1261 3268 NORTON.

315 3334 493 3421 Inquisicic
519 3341 614 3419 capta
638 3337 724 3421 apud
748 3336 876 3401 Norton
903 3360 932 3403 x.
950 3339 1005 3401 die
1021 3338 1104 3401 Maii
1118 3357 1203 3401 anuo
1218 3337 1311 3422 regni
1326 3336 1411 3420 regis
1427 3335 1561 3399 Henrioi
1576 3335 1661 3399 sexti
1676 3339 1770 3399 sexto

157 3413 165 3428 ’
271 3429 333 3488 etc.
354 3428 401 3502 (aa
417 3425 530 3507 bajore)
544 3446 598 3488 :-

315 3613 405 3675 Infra
430 3614 625 3676 decanatum
651 3615 692 3676 de
719 3614 842 3677 Norton
870 3614 1017 3698 predicto
1040 3618 1117 3676 sunt
1143 3612 1287 3692 ecclesie,
1305 3611 1455 3676 videlicet
1480 3611 1521 3674 de
1546 3611 1710 3679 Hannoni>
1734 3615 1769 3676 et

270 3696 507 3781 Earnsnnoan,
523 3701 609 3765 inira
622 3721 761 3785 quarum
777 3699 944 3785 parochias
958 3721 1023 3764 non
1040 3706 1118 3765 sunt
1133 3722 1162 3767 x.
1178 3699 1404 3763 inhabitantes
1418 3699 1585 3763 domicilia
1604 3702 1766 3765 tenentes.

738 3963 934 4028 Dsoaussus
956 3983 999 4027 nn
1022 3960 1301 4029 BUROESTRE.

314 4098 491 4182 Inquisicio
514 4104 611 4181 capta
636 4099 724 4182 apud
749 4098 875 4164 Burche
899 4099 985 4186 vij¹¹¹⁰
1001 4099 1054 4162 die
1080 4098 1163 4162 Maii
1187 4118 1272 4163 anno
1295 4098 1389 4182 regni
1412 4095 1500 4180 regis
1525 4093 1660 4157 Henrioi
1684 4091 1768 4156 sexti

269 4192 360 4250 sexto
375 4191 436 4252 etc.
456 4189 504 4264 (aa
520 4187 645 4267 before).
742 4261 753 4264 Η

318 4367 390 4460 [in]
423 4372 512 4435 nulla
542 4369 695 4454 parochia
724 4371 907 4454 subscripta
933 4369 1019 4433 inira
1048 4373 1245 4435 decanatum
1273 4372 1314 4434 de
1344 4369 1512 4433 Burcest-re
1541 4370 1577 4429 in
1606 4365 1766 4428 comitatu

268 4461 425 4544 predicto,
449 4460 605 4523 videlicet
630 4458 780 4541 parochia
803 4460 843 4521 de
870 4459 1111 4537 Gonsucoouu,
1135 4459 1286 4542 parochia
1310 4458 1352 4521 de
1379 4460 1528 4534 Annuus,
1553 4450 1702 4535 parochia
1725 4450 1765 4513 de

266 4548 430 4614 Hausrou
447 4546 529 4623 Gar,
545 4544 698 4629 parochia
713 4547 753 4608 de
770 4546 974 4623 Toarsnnan,
990 4543 1144 4628 parochis
1158 4547 1199 4610 de
1214 4547 1444 4622 Hsannwsrm,
1455 4540 1607 4626 parochia
1622 4539 1663 4602 de
1679 4537 1763 4617 Ona,

265 4634 416 4718 parochia
445 4633 485 4698 de
518 4634 776 4709 Sannnnsunnn,
806 4630 958 4716 parochia
988 4633 1027 4695 de
1057 4633 1247 4700 Nawasros
1279 4633 1447 4709 Puacnnn,
1477 4634 1513 4693 et
1542 4626 1694 4713 parochia
1722 4625 1764 4687 de

265 4721 489 4799 Coronarum),
505 4729 581 4784 sunt
597 4722 708 4784 decem
724 4740 859 4803 persone
874 4717 1097 4783 inhabitantes
1112 4727 1147 4783 et
1161 4720 1329 4784 domicilia
1342 4722 1504 4783 tenentes.

728 4977 925 5042 Daciusrus
948 4921 993 5040 os
1014 4973 1299 5042 DADYNGTON.

308 5114 486 5198 Inquisicio
501 5117 594 5196 capta
610 5113 696 5194 apud
712 5113 909 5197 Dadyngton
928 5111 984 5197 viij
1022 5110 1075 5174 die
1090 5111 1174 5174 Maii
1188 5131 1273 5174 anno
1288 5109 1382 5194 regni
1407 5106 1496 5191 regis
1519 5102 1656 5168 Henrici
1680 5102 1765 5166 sexti

262 5208 355 5267 sexto
369 5208 432 5267 etc.
452 5207 500 5282 (aa
516 5201 643 5284 before).

306 5387 397 5454 Infra
411 5390 605 5452 decanatum
620 5386 661 5450 de
677 5385 874 5471 Dadyngton
889 5390 940 5450 est
955 5384 1092 5449 ecclesia
1107 5385 1148 5449 de
1171 5385 1412 5460 aususausus,
1437 5380 1474 5442 in
1498 5377 1592 5462 cujus
1617 5372 1765 5457 parocbia

261 5497 327 5542 non
342 5483 416 5542 sunt
434 5476 545 5540 decem
560 5471 783 5539 inhabitantes
798 5471 965 5538 domicilia
980 5475 1141 5539 tenentes.
