4117 6209
921 665 1004 729 AJ).
1028 666 1124 731 1431.
1707 660 1769 725 421

315 940 455 1006 Thomas
478 945 583 1027 Wylre
612 946 653 1009 de
683 946 846 1012 Staunton
875 950 970 1013 Drcvv
1000 950 1035 1012 in
1065 950 1225 1013 comitatu
1257 948 1450 1025 Somersete,
1481 944 1683 1029 gentylman,
1710 943 1774 1004 tuit

273 1027 403 1092 saisitus
417 1039 482 1097 etc.
498 1034 540 1096 de
555 1036 653 1097 certis
667 1038 763 1099 terris
777 1042 813 1100 et
826 1039 1024 1101 tenementis
1038 1038 1072 1101 in
1089 1038 1189 1105 Waar
1206 1036 1427 1112 (lannwoavn,
1443 1038 1476 1095 et
1491 1033 1604 1095 eadem
1620 1040 1722 1094 terras
1738 1035 1772 1093 et

271 1119 461 1182 tenementa
475 1122 584 1184 tenuit
599 1142 654 1205 per
669 1124 840 1187 servicium
857 1132 971 1188 cctave
985 1127 1087 1208 partis
1102 1125 1127 1210 1.
1144 1124 1167 1192 1.
1184 1146 1228 1189 m.

316 1251 455 1317 Thomas
470 1256 559 1340 Payn
576 1258 616 1321 de
630 1258 800 1324 Rckeborn
816 1264 849 1324 in
867 1262 1024 1325 comitatu
1040 1262 1234 1340 Wiltescire,
1250 1259 1445 1343 gentilman,
1460 1258 1526 1320 fuit
1552 1257 1682 1319 seisitus
1708 1258 1771 1321 etc.

272 1337 312 1401 de
327 1342 423 1403 certis
438 1346 533 1407 terris
547 1352 581 1408 (1
595 1351 791 1412 tenementis
807 1350 840 1412 in
859 1350 1018 1428 Sassonn,
1035 1356 1067 1411 et
1083 1349 1197 1413 eadem
1213 1356 1315 1412 terras
1331 1352 1366 1410 et
1379 1350 1568 1409 tenementa
1582 1346 1693 1406 tenuit
1716 1362 1772 1426 per

272 1429 445 1491 servicium
460 1438 570 1496 octava
585 1435 688 1516 partis
702 1435 727 1520 j.
744 1437 767 1500 i.
784 1459 829 1501 m·

760 1646 997 1735 [annnaoun
1020 1671 1064 1716 nn
1086 1644 1290 1732 WELWE]

318 1774 489 1855 Walterns,
502 1779 652 1845 dominus
667 1783 708 1847 de
723 1785 941 1869 Hungerford‚
951 1787 990 1850 de
1006 1787 1120 1853 Farlee
1134 1788 1167 1848 in
1184 1786 1343 1849 comitatu
1358 1782 1551 1859 Somersete,
1562 1780 1625 1843 fuit
1641 1782 1773 1844 saisitus

274 1867 338 1924 etc.
354 1863 395 1927 de
410 1868 563 1930 maneriis
577 1869 618 1932 (11
634 1871 770 1937 Wanvva
795 1880 830 1935 et
853 1874 988 1939 Faunus
1013 1896 1088 1937 cum
1112 1894 1223 1937 eorum
1248 1871 1471 1955 pertinenciis,
1488 1874 1521 1931 et
1547 1867 1604 1930 illa
1630 1869 1773 1930 maneria

274 1969 348 2011 cum
364 1970 475 2014 eorum
490 1956 703 2037 pertinenciis
718 1962 827 2023 tenuit
842 1981 898 2045 per
913 1962 1084 2025 servicium
1102 1968 1216 2044 quarte
1232 1961 1335 2043 partis
1349 1958 1373 2043 1.
1390 1958 1413 2023 f.
1430 1978 1474 2021 m.

317 2084 494 2165 Johannes,
509 2087 660 2152 dominus
685 2089 726 2153 de
751 2092 900 2175 Typtoit,
915 2093 1058 2155 existens
1082 2094 1115 2153 in
1140 2091 1287 2175 partibus
1311 2091 1536 2156 transmarinis
1561 2095 1593 2155 in
1619 2095 1774 2157 comitiva

275 2172 399 2235 domini
415 2176 511 2257 regis,
528 2176 593 2238 fuit
616 2178 747 2241 saisitus
770 2190 832 2243 etc.
850 2180 888 2243 de
911 2182 1010 2242 certis
1024 2179 1119 2241 terris
1132 2192 1166 2242 et
1181 2178 1380 2242 tenementis
1395 2178 1428 2240 in
1446 2180 1721 2259 Ynnsnssconas,
1739 2188 1773 2243 et

274 2259 388 2323 eadem
402 2267 504 2325 terras
519 2269 553 2326 et
568 2272 761 2329 tenementa
776 2268 886 2330 tenuit
901 2287 957 2350 per
970 2267 1141 2331 servicium
1156 2266 1345 2329 medietatis
1359 2265 1383 2349 j.
1401 2266 1423 2330 f.
1440 2288 1485 2331 m.

318 2396 512 2477 willelmus,
529 2400 679 2464 dominns
694 2402 735 2467 de
751 2402 924 2481 Botreanr,
939 2404 979 2466 de
996 2404 1070 2465 Alte
1095 2404 1128 2465 in
1157 2401 1317 2463 comitatu
1342 2400 1532 2480 Somersete,
1549 2402 1615 2465 luit
1642 2404 1773 2466 seisitus

275 2491 338 2546 etc.
355 2484 395 2547 de
409 2488 552 2550 manerio
567 2488 606 2550 de
622 2489 765 2558 Nswrorv
784 2492 934 2558 Ssnvaoo
949 2512 1023 2552 cum
1039 2493 1105 2553 suis
1122 2488 1341 2572 pertinenciis,
1353 2496 1387 2551 et
1403 2489 1484 2551 illud
1500 2492 1681 2553 manerium
1698 2512 1772 2554 cum

274 2572 341 2634 suis
356 2574 567 2655 pertinenciis
582 2578 692 2640 tenuit
707 2599 762 2661 per
778 2579 950 2641 servicium
967 2578 1156 2642 medietatis
1170 2576 1194 2661 j.
1210 2575 1233 2641 f.
1251 2597 1296 2641 m.

319 2706 900 2797 1ο111111111,(11111111111(1111111111,
924 2714 1067 2777 existens
1090 2714 1123 2775 in
1148 2712 1293 2795 partibus
1316 2714 1539 2775 transmarinis
1561 2714 1596 2776 in
1620 2715 1774 2777 comitiva

275 2794 401 2858 domini
423 2797 520 2880 regis,
535 2799 603 2861 luit
627 2802 757 2863 saisitus
780 2814 841 2866 etc.
858 2803 898 2864 de
923 2804 1022 2865 certis
1049 2801 1143 2864 terris
1166 2810 1199 2862 et
1226 2800 1425 2862 tenementis
1451 2800 1485 2861 in
1511 2802 1714 2880 lVonnrrous,
1740 2812 1773 2865 11

276 2883 389 2946 eadem
403 2890 504 2947 terras
519 2892 554 2949 et
567 2894 758 2951 tenementa
773 2890 880 2953 tenuit
895 2910 953 2974 per
968 2890 1140 2952 servicium
1156 2894 1271 2971 quarte
1286 2887 1386 2970 partis
1397 2886 1424 2969 j.
1441 2888 1462 2951 f.
1480 2909 1525 2953 m.

320 3018 413 3082 Prior
427 3020 468 3083 de
484 3021 626 3100 Henton,
642 3022 767 3085 ordinis
783 3021 942 3100 Certusie‚
957 3029 991 3087 et
1007 3030 1185 3086 conventus
1200 3022 1321 3085 ibidem
1344 3024 1379 3084 in
1405 3024 1565 3086 comitatu
1594 3022 1775 3087 Somersete

277 3107 410 3171 fuerunt
424 3110 525 3170 seisiti
540 3116 604 3174 etc.
617 3111 657 3172 de
672 3112 768 3173 certis
784 3112 877 3173 terris
892 3119 926 3173 et
942 3112 1136 3174 tenementis
1152 3112 1185 3173 in
1203 3110 1437 3188 Peenameus,
1447 3118 1479 3172 et
1496 3110 1610 3173 eadem
1627 3120 1727 3175 terras
1743 3116 1776 3174 et

277 3199 465 3258 tenementa
485 3202 665 3260 tenuerunt
686 3217 744 3279 per
765 3199 937 3261 servicium
958 3198 983 3282 1.
1006 3200 1029 3262 f.
1054 3219 1099 3263 m.
1122 3198 1311 3260 amortisata
1332 3198 1416 3259 citra
1438 3218 1560 3261 annum
1584 3200 1775 3262 vicesimum

275 3281 363 3365 regis
377 3280 526 3345 Edwardi
542 3283 651 3367 primi.

321 3422 361 3484 Iu
377 3421 471 3507 cujus
485 3421 534 3484 rei
547 3429 610 3486 etc.

740 3583 976 3672 [Hunnannou
999 3609 1043 3652 na
1067 3582 1316 3671 CHEWTON.]

324 3720 498 3804 Inquisicio
520 3725 616 3805 capta
637 3722 724 3804 apud
747 3722 958 3787 Yvelchestre
981 3731 1044 3790 etc.
1063 3728 1111 3803 (as
1134 3724 1261 3806 before),
1276 3743 1332 3805 per
1356 3722 1592 3783 sacramentum
1619 3717 1777 3783 Johannis

278 3808 417 3885 Austell‚
430 3806 553 3871 Thorne
569 3806 759 3886 Sambroka,
773 3808 932 3874 Willelmi
947 3811 1101 3888 Taillour,
1125 3810 1254 3873 Ricardi
1279 3806 1485 3891 Sparkeford,
1507 3805 1664 3868 Johannis
1680 3806 1709 3868 N
1713 3816 1776 3887 ete,

281 3894 436 3958 Willelmi
452 3894 726 3978 Tylly,Willelmi
742 3896 948 3980 carpentere,
962 3899 1085 3961 Thorne
1101 3898 1266 3972 Fermour,
1277 3895 1406 3958 Ricardi
1421 3893 1606 3972 Walbrond‚
1618 3892 1777 3957 Johannis

280 3982 431 4065 Harreys,
446 3982 561 4045 Jacobi
576 3989 645 4047 atte
660 3984 773 4067 Mylle,
788 3992 822 4047 et
837 3984 996 4049 Johannis
1011 3992 1081 4049 atte
1098 3983 1206 4063 Shete,
1221 3985 1278 4066 qui
1295 3984 1409 4047 dicunt
1426 3987 1488 4045 etc.
1505 3980 1589 4064 qnod
1601 4006 1655 4046 :—

324 4142 508 4206 Willelmns
529 4142 694 4220 Bonevile,
715 4143 819 4224 miles,
842 4145 883 4209 de
906 4144 1005 4210 Shete
1027 4148 1062 4209 in
1077 4146 1238 4209 comitatu
1254 4144 1409 4221 Devonie,
1427 4142 1494 4206 fuit
1508 4143 1641 4207 saisitus
1658 4148 1720 4209 eto.
1738 4144 1779 4208 de

280 4230 423 4294 manerio
437 4229 477 4293 de
493 4230 658 4298 Oanwrou
680 4231 794 4294 subtus
817 4232 1005 4299 Massones
1027 4255 1102 4297 cum
1127 4233 1339 4317 pertinenciis
1354 4232 1434 4309 suis,
1450 4236 1483 4295 et
1498 4231 1582 4293 illud
1598 4231 1780 4295 manerium

280 4318 390 4381 tenuit
404 4338 460 4400 per
475 4318 647 4381 servicium
662 4325 777 4401 quarte
792 4321 894 4403 partis
908 4321 932 4406 1.
948 4321 972 4386 f.
989 4343 1035 4386 m.

323 4455 499 4535 Johannes,
520 4456 671 4519 dominns
693 4456 735 4520 de
755 4458 905 4541 Typtoit‚
926 4462 1070 4524 existens
1093 4461 1126 4521 in
1149 4458 1296 4541 partibus
1319 4416 1545 4519 transmarinis
1568 4455 1601 4515 in
1624 4455 1781 4518 comitiva

281 4545 405 4607 domini
428 4546 523 4629 regis,
539 4544 605 4608 luit
626 4546 755 4607 saisitus
776 4555 840 4610 etc.
858 4547 899 4609 de
922 4550 1065 4611 manerio
1088 4548 1128 4610 de
1144 4548 1290 4613 Wssrorv
1314 4545 1346 4605 in
1371 4540 1540 4605 hundredo
1563 4542 1603 4603 de
1627 4539 1780 4604 Chewton

281 4652 356 4781 cupa
388 4633 597 4714 pertinenciis
627 4632 704 4711 suis,
730 4638 766 4694 et
794 4633 878 4695 illud
904 4636 1087 4697 manerium
1117 4634 1227 4697 tenuit
1257 4652 1312 4714 per
1335 4630 1508 4693 servicium
1535 4636 1647 4711 quarte
1679 4630 1781 4710 partis

281 4740 306 4803 1.
338 4739 406 4783 .m.
1380 4758 1382 4765 ,

325 4854 348 4918 J
348 4855 489 4918 ohannes
504 4854 630 4939 Speelre
644 4854 685 4919 de
699 4854 884 4939 Douelyssh
899 4856 1001 4923 Wake
1023 4858 1058 4921 in
1081 4858 1242 4922 comitatu
1267 4855 1460 4931 Somersete,
1475 4854 1623 4938 armiger,
1640 4854 1782 4916 existens

281 4942 315 5004 iu
331 4943 479 5026 partibus
495 4944 719 5006 transmarinis
735 4944 769 5005 in
786 4946 940 5006 comitiva
954 4946 1080 5008 domini
1095 4946 1189 5030 regis,
1206 4943 1271 5005 luit
1286 4944 1416 5005 scisitus
1431 4948 1494 5005 etc.
1518 4941 1557 5003 (11
1580 4941 1725 5003 manerio
1742 4940 1783 5003 de

282 5030 534 5179 Coueronfcum
556 5033 623 5095 suis
646 5031 869 5113 pertinenciis,
894 5041 927 5094 11
950 5033 1033 5095 illud
1056 5034 1236 5097 manerium
1261 5032 1364 5093 tenuit
1400 5048 1454 5111 per
1476 5028 1646 5091 servicium
1670 5034 1783 5111 quarte

283 5124 425 5202 11111111.
456 5138 526 5182 .m.

326 5253 481 5317 Ricardns
512 5252 658 5319 Cbedder
690 5254 731 5319 de
762 5254 870 5319 Thom
903 5256 1045 5320 Favlron
1078 5260 1113 5320 in
1147 5224 1307 5319 comitatu
1331 5252 1522 5329 Somersete,
1545 5250 1698 5335 armiger,
1719 5250 1785 5312 fuit

284 5342 414 5405 seisitus
429 5348 491 5406 etc.
507 5342 548 5405 de
563 5344 709 5405 manerio
722 5344 762 5406 de
778 5344 901 5423 Osnnv,
918 5352 953 5406 et
968 5346 1050 5407 illud
1067 5346 1249 5410 manerium
1264 5341 1375 5404 tenuit
1397 5360 1455 5423 per
1477 5338 1648 5401 servicium
1672 5344 1784 5401 octavo

283 5430 386 5514 partis
396 5428 424 5514 1.
440 5429 463 5494 1.
479 5450 523 5495 rn.
