4117 6209
879 646 961 710 AJ).
987 649 1126 712 laon—3.

642 937 914 1003 Warnunncnnuu
938 958 981 1002 nn
1004 937 1361 1006 BERSETELAWE.

294 1101 470 1184 Inquisicio
496 1102 580 1165 facta
603 1101 689 1185 apud
714 1102 848 1166 Retford
881 1103 934 1165 die
961 1105 1054 1166 Lune
1083 1105 1231 1186 proximo
1262 1111 1334 1188 post
1358 1106 1477 1169 festum
1507 1105 1751 1170 Purificacionia

252 1187 350 1251 Beate
366 1188 509 1270 Virginis
523 1209 608 1251 anno
622 1191 714 1273 regni
730 1191 814 1272 regis
829 1190 978 1254 Edwardi
994 1192 1156 1254 tricesimo
1179 1193 1295 1274 primo,
1312 1193 1464 1257 videlicet
1489 1214 1546 1275 per
1572 1193 1750 1257 Rcbertum

248 1275 289 1337 de
307 1275 497 1352 Wolrinton,
516 1274 710 1340 Nicholaum
725 1278 767 1341 (16
783 1277 903 1341 Sancta
918 1278 1031 1356 Elena,
1046 1279 1222 1342 Robertum
1238 1279 1343 1342 filium
1359 1279 1528 1358 iohannis,
1539 1279 1696 1344 Thomam
1708 1282 1750 1345 (16

250 1361 370 1444 Stirap,
396 1362 561 1425 Simonem
591 1364 631 1427 de
661 1364 781 1447 Stirsp,
813 1365 971 1427 Thomam
1001 1364 1040 1428 de
1070 1365 1253 1446 Harworth,
1281 1367 1481 1432 Willelmum
1510 1367 1549 1430 de
1580 1366 1752 1451 Gaytinffi,

250 1448 427 1512 Robertum
444 1449 1033 1530 Μ611616111,1ο116111161111611611161,
1061 1453 1223 1538 chcrum
1247 1455 1287 1516 de
1311 1453 1420 1537 Gresy,
1443 1454 1602 1518 Thomam
1630 1453 1752 1518 Daniel

250 1543 284 1598 et
300 1536 472 1599 Ricardum
488 1538 527 1601 de
542 1538 720 1618 Marcham,
735 1540 793 1622 qui
808 1540 923 1603 dicunt
937 1560 994 1622 per
1009 1546 1247 1605 sacramentum
1265 1562 1358 1604 suum
1375 1540 1460 1625 quod
1471 1566 1524 1608 :—

294 1740 490 1804 Ammaneus
504 1741 545 1804 de
560 1742 593 1804 la
608 1741 686 1805 Brct
701 1748 792 1805 tenet
806 1743 859 1807 i.c.
870 1744 910 1806 (16
926 1763 1003 1826 rege
1018 1744 1058 1807 de
1070 1743 1187 1807 honore
1199 1745 1239 1806 de
1252 1743 1405 1807 Tikehull
1422 1741 1526 1830 [xviij.
1536 1743 1560 1809 f.
1571 1743 1753 1823 dimidiam,

251 1829 386 1890 terciam
401 1835 437 1891 et
452 1837 598 1912 quartam
617 1826 758 1915 partem]
775 1829 802 1913 J‘.
817 1830 841 1895 f.
858 1851 904 1896 m.
920 1832 954 1893 in
972 1829 1192 1914 wapentachio
1209 1831 1392 1915 supradicto
1408 1832 1507 1895 unde.

273 1983 391 2137 tquilem
407 1982 569 2156 Amqneus
582 1982 679 2046 debet
694 1982 885 2068 respondere
901 2005 959 2067 pra
972 1985 997 2069 j.
1015 1986 1038 2049 f.
1054 1991 1088 2049 et
1103 1991 1252 2068 quartam
1269 1990 1395 2069 partem
1414 1985 1441 2067 j.
1458 1985 1481 2050 f.
1504 1982 1553 2071 [in
1570 1984 1753 2051 (1111161111

254 2092 273 2132 6
346 2090 467 2135 asanaa
492 2119 499 2134 .

295 2207 407 2271 comes
423 2208 589 2271 Lincolnie
604 2215 697 2272 tenet
711 2211 751 2272 de
767 2211 913 2292 predicto
929 2212 1106 2273 Ammaneo
1122 2211 1158 2294 ij.
1175 2211 1198 2275 s.
1217 2215 1253 2274 et
1268 2209 1316 2294 iij.
1332 2215 1440 2294 parter
1463 2208 1506 2296 [j.
1524 2207 1563 2297 1.]
1584 2210 1625 2274 (16
1643 2210 1754 2274 eodem

253 2293 370 2358 honore
385 2297 419 2357 in
436 2295 570 2359 diversis
585 2296 674 2361 locis.

296 2433 436 2498 Thomas
451 2435 492 2497 de
507 2435 680 2499 Furnivaie
696 2441 788 2499 tanet
801 2437 825 2522 j.
841 2437 863 2500 f.
878 2442 911 2500 et
927 2444 1076 2520 quartam
1092 2443 1218 2519 partem
1239 2436 1266 2520 j.
1282 2438 1304 2500 f.
1327 2434 1382 2522 [de
1397 2437 1513 2500 eodem
1529 2439 1706 2501 Ammaneo
1721 2442 1755 2501 et

254 2523 294 2585 de
310 2523 422 2585 eodem
437 2523 558 2586 honore
572 2521 623 2608 in]
645 2524 802 2591 Wnrasor
817 2544 891 2586 cum
906 2524 1071 2588 membris.

301 2660 481 2724 Wiilelmus
506 2662 546 2724 (16
571 2659 683 2745 Cressy
699 2666 790 2724 tenet
812 2660 839 2744 j.
855 2661 879 2726 f.
896 2666 931 2724 et
945 2663 990 2726 di.
1007 2662 1047 2726 de
1064 2661 1174 2725 eodem
1191 2663 1366 2725 Ammaneo
1383 2667 1416 2725 et
1432 2663 1472 2724 dc
1488 2662 1600 2725 eodem
1624 2658 1756 2747 [honore

255 2748 288 2810 in
304 2748 465 2814 Honasau
479 2769 553 2811 cum
568 2746 753 2834 membris].

300 2884 457 2947 Bobertus
471 2886 511 2947 de
526 2883 698 2969 Saundeby
713 2890 807 2948 tenet
817 2885 845 2970 j.
862 2885 885 2951 f.
900 2886 940 2950 dc
955 2885 1069 2949 eodem
1084 2891 1145 2950 etc.
1171 2883 1220 2972 [in
1239 2883 1447 2972 Sauunnar}

301 3036 461 3099 Waltcrus
476 3035 583 3099 Oliver
599 3041 692 3099 tenet
707 3036 751 3099 di.
768 3036 791 3099 f.
808 3037 849 3098 de
864 3036 977 3099 eodem
993 3043 1056 3102 etc.
1079 3034 1128 3123 [in
1148 3033 1352 3122 Scasuson}

262 3279 269 3292 .
301 3190 404 3344 {licia
427 3190 468 3251 de
482 3189 612 3362 ]Sancto
636 3188 775 3274 Georgio
795 3193 830 3252 ct
846 3190 1040 3253 Ermetruda
1053 3190 1093 3253 de
1111 3189 1238 3252 Fenton
1255 3192 1370 3251 tenent
1386 3190 1431 3255 di.
1449 3191 1471 3254 f.
1494 3185 1548 3276 [de
1565 3188 1679 3254 eodem
1695 3195 1757 3254 etc.

259 3299 293 3339 m
335 3297 481 3344 naamon
507 3320 513 3336 .

302 3414 399 3499 Hugo
414 3413 454 3476 de
470 3413 576 3496 Hercy
592 3417 680 3475 tenet
693 3412 719 3495 j.
735 3412 758 3475 f.
774 3412 813 3474 de
828 3413 940 3476 eodem
955 3416 1017 3477 etc.
1041 3410 1089 3498 [in
1107 3411 1221 3479 Garun
1237 3433 1310 3474 cum
1327 3408 1512 3496 membris].

303 3547 498 3613 Eustachius
523 3548 676 3631 Morteyn
707 3553 800 3611 tenet
828 3548 852 3633 j
877 3547 901 3612 f.
929 3548 970 3610 de
1001 3548 1140 3632 Hngone
1172 3548 1211 3610 de
1243 3548 1359 3633 Hercy,
1384 3553 1417 3609 et
1447 3548 1517 3630 ipse
1547 3547 1589 3610 de
1615 3547 1761 3630 predicto

267 3635 460 3723 [Ammaneo
476 3643 538 3698 etc.
554 3637 589 3697 in
606 3635 719 3702 Gnnvn
733 3656 808 3698 cum
824 3632 1010 3721 membris].
1677 3697 1691 3710 J

303 3775 460 3837 Robertus
474 3774 513 3836 dc
528 3772 728 3836 Wolrincton
744 3777 837 3836 tenet
851 3773 887 3856 ij.
901 3779 1009 3856 partes
1024 3772 1061 3856 ij.
1079 3771 1100 3837 f.
1116 3773 1156 3835 (16
1172 3774 1286 3837 eodem
1296 3773 1485 3849 Ammane0‚
1497 3770 1582 3833 unde
1598 3769 1762 3834 Johannes

262 3859 464 4035 ffgmffriffim
488 3861 583 3925 debet
609 3861 796 3943 respondere
824 3881 883 3942 pro
908 3861 952 3925 di.
977 3861 1000 3925 f.
1026 3861 1067 3922 de
1095 3860 1233 3939 (eodem)
1262 3859 1383 3923 honore
1407 3860 1448 3923 de
1476 3861 1545 3938 (sic)
1568 3858 1662 3924 Enon
1686 3878 1761 3920 cum

305 4083 407 4232 Hegea
433 4081 555 4144 Thome
579 4081 620 4143 (16
644 4079 730 4143 Eton
757 4084 848 4143 tenet
871 4081 1008 4144 terciam
1032 4085 1157 4162 partem
1173 4080 1208 4163 ij.
1227 4079 1249 4145 f.
1265 4081 1306 4144 de
1320 4080 1433 4142 eodem
1448 4085 1512 4144 etc.
1528 4082 1562 4141 in
1578 4078 1673 4144 Esou
1688 4097 1762 4139 cum

263 4191 347 4233 mem
370 4191 425 4235 ns.

306 4302 477 4365 Nichoiaus
491 4301 531 4363 de
547 4299 667 4363 Hedun
683 4304 770 4364 tenet
781 4299 810 4383 j.
826 4300 849 4365 1.
866 4300 906 4363 (16
921 4301 1035 4363 6ο(16111
1052 4303 1114 4363 616.
1139 4298 1188 4387 [in
1205 4300 1331 4366 Hanuu
1347 4319 1421 4362 cum
1436 4294 1620 4382 membris].

306 4437 488 4522 Stephanus
503 4437 668 4501 Maulovel
685 4442 775 4501 tenet
783 4438 811 4523 j.
828 4439 852 4502 f.
867 4439 909 4501 de
925 4437 1038 4501 eodem
1055 4444 1116 4501 etc.
1139 4435 1188 4524 [in
1205 4438 1363 4502 Raunnou
1378 4456 1453 4499 cum
1469 4429 1655 4518 membris}

306 4570 487 4744 quclqnus
517 4569 557 4632 de
595 4568 785 4634 Bevercotes
822 4575 913 4632 tenet
938 4569 966 4653 J‘.
996 4568 1019 4634 f.
1051 4541 1091 4633 (16
1121 4571 1233 4632 eodem
1263 4575 1325 4632 etc.
1363 4564 1413 4652 [in
1444 4567 1660 4631 annnccnns
1689 4580 1764 4623 cum

267 4681 351 4723 mem
374 4678 417 4721 ns
442 4707 450 4722 .

308 4795 449 4861 Heredes
463 4795 503 4858 de
522 4794 629 4877 Upton
645 4796 761 4856 tenent
776 4792 820 4855 di.
836 4791 861 4858 f.
877 4794 918 4856 de
934 4794 1048 4856 ecdem
1065 4797 1127 4858 etc.
1151 4789 1200 4879 [in
1218 4791 1331 4858 Unuca
1347 4811 1421 4854 cum
1437 4784 1623 4874 membris].

308 4932 472 4997 Johannes
484 4932 526 4994 de
542 4931 680 5013 Orresby
695 4935 788 4993 tenet
801 4931 938 4992 terciam
954 4937 1082 5012 partem
1098 4931 1133 5014 ij.
1150 4931 1172 4995 f.
1191 4937 1325 5011 excepta
1340 4932 1453 4991 octava
1477 4931 1569 5009 parte
1585 4924 1625 4986 de
1640 4921 1765 4984 Thoma

269 5020 307 5083 de
323 5016 501 5096 Ohewarth,
518 5023 552 5081 61
566 5019 636 5100 ipsc
650 5019 691 5080 de
714 5013 843 5102 [eodem
859 5023 923 5082 etc.
940 5019 976 5079 in
991 5016 1130 5103 anr].

309 5157 463 5220 Ricardus
477 5155 518 5218 de
533 5155 684 5217 Furnews
699 5158 791 5217 tenet
806 5154 887 5217 duas
902 5159 1009 5237 partes
1019 5154 1047 5237 j.
1061 5154 1084 5218 f.
1101 5155 1142 5216 de
1157 5155 1272 5217 eodem
1288 5159 1352 5217 etc.
1376 5149 1426 5238 [in
1443 5144 1649 5232 Caranusca}

240 5269 246 5275 ⁴
310 5291 474 5356 Johannes
489 5291 593 5375 Darcy
609 5295 698 5354 tenet
712 5293 736 5378 J'.
754 5290 777 5356 f.
793 5292 833 5355 (16
848 5292 960 5356 eodem
976 5299 1040 5356 cta.
1063 5289 1113 5377 [in
1130 5291 1323 5358 Ouunconas
1339 5295 1374 5354 61
1391 5284 1542 5373 Sutura}

617 5422 752 5486 Summa
766 5426 860 5511 xviij.
877 5427 902 5493 f.
918 5431 1034 5510 quarta
1049 5445 1122 5510 pars
1137 5430 1170 5487 et
1185 5425 1302 5506 quinta
1317 5443 1400 5506 pars.

332 5559 413 5615 22102
