4117 6209
927 683 1008 749 ΑΙ).
1034 687 1130 750 1431.
1712 691 1776 753 263

315 971 457 1037 Thomas
472 972 684 1058 Conyngesby
699 973 740 1036 de
768 973 853 1036 Nien
880 973 913 1035 in
940 973 1059 1038 eodem
1083 975 1256 1054 comitatu,
1282 976 1483 1056 gontelmus,
1497 975 1661 1039 Waltsrus
1676 977 1775 1060 Lacy,

270 1061 422 1143 armiger,
439 1066 473 1124 et
488 1060 646 1124 Ricardus
666 1059 812 1124 Whitton
829 1060 870 1122 ds
887 1059 1039 1124 Whitton
1062 1063 1097 1125 in
1123 1063 1238 1125 eodem
1254 1065 1426 1142 comitatu,
1440 1063 1640 1146 genteiman,
1658 1069 1775 1128 tenent

272 1149 452 1211 manerium
468 1149 509 1211 de
525 1149 613 1214 Nasu
631 1148 757 1215 Soanas
772 1153 805 1210 et
821 1146 1039 1211 hamelettnm
1055 1149 1096 1212 dc
1111 1149 1273 1215 Wmvcon
1289 1171 1346 1234 per
1359 1151 1530 1213 servicium
1540 1150 1568 1233 j.
1585 1151 1608 1213 i.
1624 1171 1669 1216 m.
1687 1151 1774 1214 unde

271 1234 433 1301 Wmv'rou
458 1241 508 1298 est
534 1255 619 1298 nona
645 1255 717 1318 pars
743 1234 891 1320 ejusdem
919 1236 1014 1314 ieodi,
1030 1236 1069 1298 dc
1095 1256 1160 1321 quc
1174 1237 1224 1299 vel
1246 1236 1287 1299 de
1302 1237 1421 1322 quibus
1435 1239 1597 1321 ignorant,
1614 1246 1648 1301 et
1664 1237 1774 1301 valent

273 1328 335 1386 etc.
351 1323 422 1387 mii.

313 1458 453 1521 Thomas
468 1458 582 1522 Corbet
598 1460 639 1522 de
654 1458 833 1543 Wyiiaston
850 1460 884 1520 in
901 1457 1014 1522 eodem
1028 1459 1201 1540 comitatu,
1229 1461 1378 1545 armiger,
1406 1470 1498 1524 tanet
1524 1462 1708 1525 manerium
1733 1460 1772 1524 de

270 1546 579 1698 glerffesstscnzmmgjc
592 1547 738 1630 predicto
760 1545 897 1609 Ricardo
913 1545 1117 1629 Cornevayle
1132 1569 1188 1630 per
1203 1548 1376 1610 servicium
1392 1548 1582 1611 medietatis
1592 1547 1620 1631 j.
1635 1548 1659 1614 f.
1676 1569 1720 1613 m.
1737 1555 1773 1610 et

313 1769 483 1834 Galiridus
509 1771 630 1853 Harley
657 1771 697 1833 de
725 1767 903 1853 Brompton
940 1769 990 1856 [in
1021 1768 1122 1858 thei]
1158 1769 1342 1835 Moresiond
1371 1776 1464 1836 tenet
1493 1771 1672 1835 manerium
1706 1771 1768 1851 (de)

270 1859 461 1925 Bmuuauav
476 1879 532 1941 per
547 1859 719 1921 servicium
731 1856 758 1940 j.
775 1857 797 1920 f.
814 1878 858 1922 m.
874 1863 906 1920 et
923 1857 1008 1920 valet
1025 1864 1086 1923 etc.
1102 1877 1160 1922 ca.

311 1994 473 2059 Johannes
490 1995 601 2077 Bruyn
615 1994 655 2057 de
671 1993 814 2058 Overton
829 1997 862 2057 in
879 1995 992 2057 eodem
1008 1996 1182 2074 comitatu,
1198 1995 1399 2078 gentelman‚
1413 2003 1502 2060 tenet
1518 2001 1608 2060 certa
1622 2002 1724 2060 terras
1738 2002 1773 2060 et

269 2088 459 2146 tenementa
482 2084 514 2144 in
544 2083 676 2149 Cosuav
691 2082 731 2144 de
757 2083 901 2164 predicto
930 2081 1067 2144 Ricardo
1091 2081 1297 2166 Cornevayle
1319 2103 1375 2166 per
1397 2084 1568 2147 servicium
1583 2083 1773 2147 medietatis

260 2173 291 2254 j.
309 2169 332 2236 i.
350 2191 395 2236 m.
411 2177 446 2234 et
461 2169 567 2234 valent
582 2176 643 2233 etc.
660 2191 741 2234 xx.s.

312 2307 483 2372 Comitissa
520 2307 710 2370 arundellie
747 2314 840 2370 tenet
877 2307 1060 2369 manerium
1098 2306 1139 2370 de
1176 2307 1315 2374 ansss
1351 2308 1392 2372 de
1441 2308 1586 2391 predicto
1634 2308 1771 2371 Ricardo

269 2395 474 2478 Cornevvayle
489 2415 543 2478 per
559 2395 731 2458 servicium
748 2394 939 2459 medietatis
950 2393 976 2477 j.
993 2395 1015 2458 f.
1033 2416 1078 2460 m.
1095 2402 1130 2456 et
1145 2395 1234 2458 valet
1249 2399 1312 2459 eta.
1328 2395 1350 2460 i.
1360 2419 1385 2460 s.

313 2529 503 2594 iddmundus
529 2528 729 2612 Cornevvayle
755 2529 794 2592 de
820 2529 918 2592 Hulle
941 2529 974 2592 in
1000 2530 1115 2593 eodem
1142 2531 1314 2608 comitatu,
1336 2531 1540 2613 gentelman,
1565 2537 1658 2597 tenet
1681 2538 1771 2595 certa

268 2623 368 2681 terras
383 2625 417 2681 et
432 2623 621 2680 tenementa
635 2617 667 2679 in
682 2617 779 2682 Hoeu
791 2617 926 2682 Bscsan
942 2617 982 2680 de
1000 2619 1145 2700 predicto
1156 2617 1295 2683 Ricardo
1311 2617 1511 2702 Comewayie
1526 2639 1583 2702 per
1599 2619 1770 2683 servicium

260 2718 290 2801 j.
309 2707 330 2770 f.
347 2726 392 2770 tn.
408 2714 443 2767 et
459 2704 567 2767 valent
582 2713 644 2768 etc.
661 2706 704 2766 ix.
715 2725 741 2768 s.

309 2841 476 2906 iohannes
503 2841 597 2904 Seote
624 2842 664 2904 de
692 2839 787 2904 Secta
811 2842 844 2903 in
870 2841 984 2905 eodem
1011 2842 1183 2918 comitatu,
1198 2841 1400 2927 gentelman,
1416 2847 1507 2906 tenet
1531 2843 1715 2906 manerium
1731 2843 1771 2907 de

267 2930 377 3081 {secali}
391 2949 447 3082 per
462 2929 633 2992 servicium
649 2927 836 2991 medietatis
846 2929 874 3010 j.
892 2930 915 2994 f.
932 2949 977 2994 m.
994 2929 1034 2992 da
1061 2928 1207 3013 predicto
1233 2929 1372 2992 Ricardo
1400 2929 1615 3013 Cornevvayle,
1632 2937 1665 2993 et
1681 2930 1770 2995 valet

312 3152 467 3216 Ricardus
484 3150 685 3234 Comevvayle
702 3161 735 3214 et
760 3153 937 3235 participes
961 3152 1010 3214 sui
1038 3157 1152 3215 tenent
1179 3152 1358 3216 manerium
1383 3153 1424 3215 de
1440 3155 1639 3220 Assnnroao
1665 3154 1771 3222 Jonas

267 3261 321 3324 per
337 3241 510 3305 servicium
525 3238 712 3302 medietatis
723 3238 750 3322 j.
766 3239 788 3304 t.
805 3261 851 3305 m.
868 3247 902 3301 et
919 3239 1003 3302 valet
1019 3249 1082 3303 eto.
1098 3239 1141 3303 lx.
1151 3258 1178 3302 a.

312 3379 395 3442 item
411 3379 526 3441 dicunt
541 3376 626 3461 quod
642 3383 704 3443 etc.
726 3383 773 3455 (aa
790 3379 915 3460 before).

715 3686 938 3752 Huunaunuu
962 3707 1005 3751 nn
1028 3685 1322 3752 PYMENHULL.

313 3843 491 3927 laquiricio
513 3839 676 3903 hundredi
700 3840 739 3902 de
763 3840 961 3922 Pymcnhull
984 3848 1080 3923 capta
1101 3841 1187 3923 apud
1205 3839 1369 3923 Salapiam
1384 3839 1437 3903 die
1452 3840 1604 3903 Mercurii
1620 3843 1767 3922 proxima

265 3939 341 3994 ante
367 3932 489 3992 t'estum
517 3926 629 3990 Sancti
658 3927 807 4002 Martini,
823 3929 979 4010 episcopi,
995 3934 1058 3992 etc.
1078 3946 1126 4006 tac
1142 3929 1268 4011 dejure),
1296 3946 1351 4008 per
1378 3933 1614 3991 sacramentum
1641 3927 1766 3991 Thome

266 4016 435 4093 Bauastre‚
450 4013 610 4078 Johaunis
628 4014 759 4096 Draper,
775 4012 921 4097 Philippi
938 4013 1084 4098 Otteley,
1099 4013 1259 4078 Jchaunis
1283 4012 1483 4088 Ounssiovve,
1498 4013 1629 4078 Ricardi
1647 4015 1766 4092 Husee,

269 4104 396 4166 Ricardi
413 4104 511 4185 Gerp,
528 4100 684 4168 Wiliclmi
702 4100 821 4164 Betton
837 4101 877 4165 de
893 4101 1062 4185 Berevyk,
1076 4101 1236 4165 Willelmi
1261 4101 1426 4180 Borleton,
1451 4100 1611 4165 iohannis
1637 4100 1765 4166 Russeli

264 4191 303 4254 de
334 4189 493 4266 Sousavve,
523 4186 683 4251 iohannis
713 4188 833 4250 Bettcn
864 4190 904 4252 de
937 4188 1122 4271 Monyiord,
1155 4189 1327 4271 Reginaidi
1359 4189 1518 4268 Sousavve,
1544 4196 1580 4252 et
1605 4189 1765 4256 Wiilelmi

268 4277 464 4354 WiHascote,
478 4276 533 4360 qui
548 4277 663 4338 dicunt
678 4276 762 4360 quod
773 4299 823 4338 :-

307 4451 446 4514 Thomas
473 4449 630 4512 Banastre
656 4448 697 4511 de
723 4449 911 4512 Hadenhaie
936 4451 971 4512 in
998 4449 1112 4511 eodem
1138 4449 1309 4528 comitatu,
1325 4446 1521 4531 gentilman,
1538 4453 1573 4510 et
1599 4447 1765 4512 iohannes

266 4538 327 4601 Lee
364 4539 404 4600 de
443 4536 649 4600 Smethecote
686 4538 720 4598 in
759 4537 871 4600 eodem
909 4538 1084 4611 comitatu,
1113 4535 1308 4618 gentilman,
1340 4541 1452 4597 tenent
1483 4541 1572 4599 certa
1601 4541 1701 4598 terras
1730 4546 1764 4599 et

265 4631 453 4689 tenementa
481 4623 516 4686 in
549 4624 778 4700 Suessanum,
809 4623 1031 4700 Hannnnann,
1062 4630 1097 4684 et
1127 4623 1261 4688 Hassou
1293 4642 1348 4705 per
1377 4622 1548 4684 servicium
1575 4621 1764 4685 medietatis

264 4712 288 4796 j.
304 4711 328 4777 i.
344 4733 390 4778 m.
407 4710 446 4773 de
462 4708 610 4774 Johanne
626 4710 844 4787 Mavvtravers,
860 4709 993 4772 domino
1008 4710 1049 4772 de
1066 4708 1248 4788 Arruudell‚
1264 4729 1327 4793 que
1342 4709 1453 4772 valent
1465 4713 1527 4772 etc.
1543 4707 1586 4773 lx.
1595 4729 1622 4772 a.

307 4847 466 4912 Ricardus
500 4847 611 4910 Husee
648 4846 689 4909 de
727 4843 931 4927 Adbrighton
970 4847 1004 4906 in
1042 4845 1155 4907 eodem
1204 4846 1375 4922 comitatu,
1423 4845 1618 4929 gentiImam
1666 4851 1764 4908 tenet

266 4937 446 5000 manerium
462 4934 502 4997 dc
516 4936 737 5001 Anamussou
761 4933 881 5000 Husna
905 4953 961 5015 per
987 4934 1163 4996 servicium
1188 4931 1377 4995 medietatis
1399 4932 1426 5016 j.
1443 4931 1465 4998 f.
1482 4952 1528 4997 m.
1551 4932 1592 4995 de
1616 4934 1762 5017 predicto

266 5022 412 5088 Johanne
428 5021 642 5100 Mautravers,
656 5029 690 5084 et
705 5019 791 5083 valet
807 5026 868 5084 etc.
885 5040 912 5084 c.
923 5043 948 5084 a.

308 5159 471 5224 iohannes
486 5157 656 5240 Ingelield‚
671 5159 822 5242 armiger,
840 5162 930 5220 tenet
945 5157 1124 5219 manerium
1140 5157 1181 5219 de
1196 5157 1345 5222 Rosssus
1359 5177 1418 5240 per
1438 5155 1610 5219 servicium
1636 5158 1660 5240 j.
1677 5157 1700 5220 t.
1716 5178 1761 5221 m.

265 5247 304 5309 de
320 5247 464 5331 predicto
480 5246 628 5308 Johanne
644 5244 859 5322 Mautravers,
874 5249 907 5306 et
924 5244 1010 5306 valet
1025 5249 1088 5306 etc.
1104 5265 1132 5309 c.
1143 5263 1169 5306 s.

309 5385 461 5448 Ricardus
487 5383 517 5446 ie
542 5381 704 5466 Straunge
729 5381 768 5445 de
797 5381 941 5455 iludele,
965 5378 1120 5458 chivaler,
1150 5385 1239 5444 tanet
1265 5380 1448 5441 manerium
1473 5379 1515 5441 de
1545 5377 1693 5443 Muenna
1723 5378 1763 5440 dc

263 5473 407 5555 predicto
422 5469 572 5535 Johanne
590 5469 795 5532 Mautravers
812 5489 867 5551 per
883 5467 1056 5531 servicium
1067 5467 1094 5550 j.
1110 5468 1134 5532 i.
1151 5489 1196 5532 m.
1213 5467 1345 5549 integri,
1360 5475 1393 5528 et
1410 5466 1496 5528 valet
1511 5469 1574 5529 etc.
1591 5487 1620 5529 x.
1631 5466 1665 5529 li.
