4117 6209
261 645 326 709 434
887 640 1136 709 SOMERSET.

302 930 468 994 Johannes
493 931 663 1014 Tremayle
686 931 725 994 de
750 932 915 993 Launston
940 934 976 994 in
1002 934 1164 996 comitatu
1189 930 1359 1011 Cornubie,
1381 933 1575 1017 gentilman,
1598 930 1761 998 Johannes

259 1019 388 1101 Vernay
417 1017 456 1080 de
486 1017 654 1100 Fayreield
684 1020 718 1079 in
757 1020 919 1082 comitatu
958 1019 1149 1097 Somersete,
1180 1019 1375 1103 gentilman,
1406 1017 1547 1085 Thomas
1576 1022 1698 1083 Tharne
1722 1022 1762 1085 de

260 1104 471 1170 Grischurche
486 1107 519 1167 in
535 1107 695 1168 comitatu
712 1103 988 1189 Sotthamptonie,
1001 1106 1196 1191 gentilman,
1212 1106 1232 1169 J
1234 1105 1377 1170 ohannes
1392 1106 1536 1171 Crnkern
1551 1109 1592 1172 de
1607 1108 1762 1193 Chilehay

261 1196 297 1257 in
320 1196 480 1256 comitatu
505 1192 650 1266 Dorsete,
674 1192 868 1277 gentilman,
891 1192 1058 1257 Johannes
1083 1193 1162 1277 Cary
1186 1195 1227 1256 de
1254 1194 1344 1257 Exon
1369 1196 1403 1257 in
1430 1198 1590 1259 comitatu
1604 1196 1759 1275 Devonie,

261 1282 411 1364 armiger,
438 1287 470 1343 et
494 1278 659 1345 Juliannes
682 1279 877 1365 Dodyngtcn
903 1282 943 1343 de
967 1280 1164 1365 Dodyngton
1189 1283 1224 1343 in
1252 1282 1366 1345 eodem
1393 1284 1550 1346 comitatu
1567 1282 1760 1355 Somersete,

261 1367 603 1452 gentilman‚iuer11nt
628 1366 732 1430 seisiti
758 1374 819 1431 ete.
835 1370 876 1431 de
901 1369 998 1431 certis
1024 1370 1121 1431 terris
1148 1375 1182 1432 et
1204 1372 1403 1432 tenementis
1425 1371 1460 1431 in
1475 1371 1711 1437 Wununasrou
1727 1378 1759 1434 et

261 1457 532 1533 Hannsvvoarnv,
549 1460 583 1517 et
597 1455 709 1517 eadem
726 1460 828 1518 terras
843 1461 878 1517 et
893 1459 1080 1519 tenementa
1102 1462 1279 1519 tenuerunt
1301 1477 1358 1541 per
1381 1458 1551 1521 servicium
1574 1458 1761 1522 medietatis

257 1564 285 1628 J.
301 1543 323 1607 f.
340 1564 385 1608 m.

304 1703 444 1768 Thomas
459 1704 604 1788 Popham
619 1706 659 1769 de
674 1705 891 1769 Huntevorth
905 1704 940 1767 in
955 1704 1113 1768 comitatu
1129 1702 1320 1783 Somersete,
1335 1706 1529 1791 gentilman,
1544 1708 1609 1773 fuit
1632 1710 1761 1773 seisitus

260 1796 323 1855 etc.
338 1792 378 1855 de
392 1794 535 1856 manerio
549 1793 589 1857 de
603 1794 844 1859 Huurnwourrr
858 1813 934 1855 cum
949 1793 1016 1854 suis
1031 1792 1252 1874 pertinenciis,
1262 1803 1295 1856 et
1309 1793 1393 1858 illud
1408 1796 1588 1859 manerium
1603 1818 1678 1861 cum
1695 1800 1761 1861 suis

261 1881 471 1963 pertinenciis
486 1882 592 1945 tenuit
606 1901 663 1964 per
678 1882 850 1944 servicium
865 1880 1051 1943 medietatis
1061 1879 1089 1961 j.
1107 1879 1130 1944 f.
1146 1901 1192 1944 m.

304 2036 469 2104 Johannes
484 2038 680 2123 Chychestre
694 2039 734 2103 de
750 2039 903 2102 Donvere
917 2040 951 2101 in
966 2040 1128 2102 comitatu
1143 2038 1336 2119 Somersete,
1353 2041 1505 2126 armiger,
1530 2051 1562 2107 et
1578 2044 1760 2113 Willelmus

262 2127 408 2210 Godvyn
433 2128 475 2190 de
501 2127 714 2212 Gillyngham
743 2128 779 2189 in
807 2127 967 2189 comitatu
990 2126 1136 2205 Dorsets,
1160 2128 1314 2211 armiger,
1339 2126 1471 2191 fuerunt
1501 2132 1605 2194 seisiti
1636 2142 1698 2197 etc.
1722 2136 1762 2199 de

262 2216 414 2279 maneriis
429 2215 469 2279 de
484 2216 653 2280 Douwnus
668 2221 703 2277 et
718 2215 1014 2281 Gonwvusssouas
1029 2234 1103 2277 cum
1119 2234 1230 2277 eorum
1247 2216 1467 2297 pertinenciis,
1481 2225 1513 2281 et
1533 2218 1592 2281 illa
1613 2224 1762 2286 maneria

263 2324 336 2366 cum
352 2322 462 2365 eorum
476 2303 687 2385 pertinenciis
702 2308 878 2365 tenuemnt
892 2322 947 2385 per
962 2302 1133 2364 servicium
1149 2302 1334 2365 medietatis
1348 2302 1372 2389 j
1390 2305 1412 2369 f.
1428 2325 1473 2369 m.

307 2457 468 2520 Henricus
493 2456 598 2540 Horsy
621 2457 661 2520 de
685 2454 816 2539 Clyftcn
846 2454 941 2541 juxta
963 2454 1085 2519 Yevele
1109 2456 1142 2517 in
1168 2456 1326 2519 comitatu
1352 2457 1499 2536 Dorsete,
1522 2463 1675 2544 armiger,
1698 2462 1763 2529 fuit

263 2545 394 2607 seisitus
410 2550 472 2608 etc.
488 2545 528 2609 de
550 2544 704 2608 maneriis
725 2544 765 2607 de
787 2544 903 2609 Hossv
917 2550 952 2605 et
967 2543 1183 2609 Wreeasnss
1198 2564 1272 2606 cum
1289 2562 1401 2606 eorum
1417 2548 1642 2629 pertinenciis,
1655 2557 1690 2615 et
1704 2553 1762 2614 illa

263 2633 494 2695 maneriarum
509 2652 620 2695 eorum
635 2631 847 2714 pertinenciis
862 2631 970 2694 tenuit
987 2650 1044 2713 per
1059 2631 1230 2694 servicium
1244 2630 1433 2695 medietatis
1447 2632 1472 2719 j.
1489 2633 1512 2697 f.
1527 2655 1572 2700 m.

308 2786 474 2856 iohannes
504 2786 634 2851 Beseles
662 2788 704 2849 de
733 2785 910 2850 Bradeford
947 2786 982 2849 in
1019 2787 1179 2849 comitatu
1208 2785 1406 2866 Wiltescire,
1436 2792 1629 2873 gentilman,
1657 2796 1762 2862 Alicia

263 2874 443 2939 Northlode
472 2875 514 2938 de
544 2872 723 2937 Northlode
752 2876 786 2936 in
816 2875 975 2937 comitatu
1007 2873 1200 2949 Somersete,
1222 2874 1350 2952 wedow,
1381 2881 1415 2940 et
1446 2876 1595 2943 Johanna
1628 2882 1761 2949 Michell

263 2965 305 3027 de
327 2962 415 3045 Pury
428 2963 463 3025 in
477 2963 636 3026 comitatu
653 2960 846 3038 Somersete,
860 2962 976 3023 vodow
995 2961 1081 3039 (sic),
1095 2961 1225 3024 fuerunt
1248 2963 1351 3025 seisiti
1371 2968 1433 3027 etc.
1449 2966 1489 3027 de
1510 2967 1645 3033 diversis
1667 2976 1762 3037 terris

264 3056 299 3115 et
312 3051 508 3114 tenementis
530 3049 564 3112 in
587 3049 656 3115 Esr
679 3049 797 3115 Bonas
818 3054 853 3112 et
875 3049 1024 3115 Omeros
1050 3049 1175 3115 Saucrn
1200 3048 1398 3129 Tarurnsrrs,
1416 3058 1451 3114 et
1471 3053 1583 3117 endem
1607 3064 1705 3122 terras
1727 3068 1760 3124 et

263 3143 450 3203 tenementa
463 3144 640 3201 tennerunt
654 3157 711 3220 per
726 3137 895 3201 servicium
910 3142 1022 3219 quarte
1038 3136 1140 3219 partis
1154 3136 1178 3220 j.
1194 3135 1217 3200 f.
1234 3157 1279 3201 m.

306 3298 446 3362 'Pbomas
461 3296 637 3374 Beamond,
652 3292 803 3375 chivaler,
819 3295 859 3358 de
873 3294 1030 3357 Haunten
1052 3294 1087 3357 in
1109 3294 1267 3356 comitatu
1289 3294 1445 3372 Devonie,
1461 3295 1525 3361 suit
1546 3301 1676 3365 seisitus
1698 3310 1761 3372 etc.

262 3386 303 3449 de
335 3386 480 3449 manerio
511 3385 552 3448 de
573 3384 755 3449 Baannusv
777 3403 852 3446 cum
885 3382 952 3445 suis
982 3381 1202 3464 pertinenciis,
1225 3386 1257 3444 et
1289 3380 1370 3444 illud
1393 3386 1575 3448 manerium
1597 3409 1671 3452 cum
1695 3395 1762 3456 suis

264 3473 475 3557 pertinenciis
489 3472 599 3536 tenuit
613 3492 670 3554 per
684 3471 855 3535 servicium
869 3470 894 3555 j.
909 3471 933 3535 f.
948 3490 994 3535 m.

307 3632 479 3716 Philippus
502 3629 584 3694 Cave
605 3629 647 3693 de
668 3630 901 3714 Bruggevater
922 3631 956 3690 in
979 3630 1137 3692 comitatu
1154 3626 1344 3704 Somersete,
1360 3628 1551 3711 gentilman,
1565 3638 1598 3695 et
1614 3632 1764 3702 iohanne

264 3722 371 3788 Boson
394 3721 435 3783 de
459 3718 645 3801 Sydenham
667 3718 701 3779 in
724 3719 884 3781 comitatu
909 3717 1102 3793 Somersete,
1119 3713 1248 3790 wedovv,
1263 3714 1397 3778 fuerunt
1414 3716 1518 3779 seisiti
1534 3723 1595 3783 etc.
1612 3721 1652 3783 de
1666 3726 1763 3788 certis

264 3808 360 3873 terris
382 3814 416 3869 et
437 3808 638 3869 tenementis
651 3806 686 3867 in
704 3805 886 3872 Srnsunrn
901 3811 935 3869 et
952 3804 1187 3880 Kennsssuav,
1204 3810 1239 3865 et
1261 3801 1374 3865 eadem
1397 3808 1498 3867 terras
1521 3811 1554 3868 et
1577 3812 1763 3875 tenementa

265 3899 443 3960 tennerunt
457 3912 513 3977 per
527 3892 699 3957 servicium
716 3892 903 3955 medietatis
916 3891 941 3978 j
956 3889 980 3955 f.
996 3912 1041 3956 m.

310 4053 504 4119 Humfridus
526 4052 719 4137 Oourtenay,
740 4053 846 4130 miles,
865 4053 906 4117 de
927 4053 1074 4137 Puryton
1095 4053 1130 4113 in
1153 4051 1313 4114 comitatu
1336 4048 1610 4132 Somersete,f11it
1633 4058 1763 4124 seisitus

265 4149 328 4209 etc.
357 4143 396 4205 de
428 4142 527 4205 certis
557 4143 650 4205 terris
682 4145 716 4204 et
750 4142 944 4205 tenementis
976 4142 1011 4202 in
1044 4140 1166 4216 onore,
1197 4142 1231 4200 et
1253 4137 1366 4201 eadem
1389 4144 1491 4201 terras
1513 4146 1549 4204 et
1571 4148 1764 4211 tenementa
1875 4208 1877 4215 ,

265 4231 375 4296 tenuit
390 4249 447 4313 per
461 4229 631 4292 servicium
646 4235 759 4311 quarte
774 4230 874 4312 partis
889 4228 913 4313 j.
929 4227 953 4293 f.
969 4248 1014 4294 m.

310 4391 495 4460 willelmus
516 4388 665 4454 Corneve
687 4391 728 4454 de
749 4391 839 4459 West
862 4386 1130 4454 Oontckkeshede
1152 4388 1188 4449 in
1210 4386 1369 4449 comitatu
1403 4384 1594 4471 Somersete,
1616 4394 1765 4479 armiger,

264 4482 332 4545 fuit
354 4480 485 4543 seisitus
507 4484 569 4544 etc.
587 4480 627 4542 de
649 4480 744 4543 certis
767 4480 862 4542 terris
884 4482 919 4541 et
941 4477 1138 4541 tenementis
1161 4476 1196 4538 in
1212 4473 1399 4552 ersnou,
1416 4480 1450 4538 et
1472 4476 1585 4539 eadem
1608 4484 1709 4545 terras
1730 4492 1765 4547 et

266 4574 451 4632 tenementa
465 4569 575 4631 tenuit
589 4587 644 4651 per
660 4568 829 4630 servicium
845 4571 957 4628 octave
973 4566 1076 4649 partis
1091 4564 1115 4649 j.
1132 4562 1154 4625 s.
1171 4583 1217 4627 m.

310 4722 488 4787 Edwardus
511 4724 676 4805 Cullyiord
698 4724 738 4788 de
761 4723 930 4807 Sampiord
951 4726 985 4787 in
1008 4724 1169 4786 comitatu
1193 4720 1385 4798 Somersete,
1410 4720 1602 4804 gentilman,
1626 4721 1766 4793 iiromas

270 4810 446 4881 Sambroke
476 4811 518 4874 de
550 4810 701 4877 Biketold
724 4813 758 4874 in
785 4814 944 4874 comitatu
970 4812 1125 4894 predicto,
1149 4808 1341 4894 gentilman,
1362 4806 1495 4870 fuerunt
1516 4808 1619 4871 seisiti
1641 4818 1702 4876 etc.
1725 4814 1766 4880 de

268 4900 414 4964 manerio
444 4898 484 4961 de
520 4899 693 4966 sturmen
726 4919 801 4962 cum
835 4900 901 4961 suis
939 4898 1160 4982 pertinenciis,
1192 4901 1226 4959 et
1255 4894 1337 4957 illud
1375 4894 1555 4957 manerium
1586 4916 1659 4959 cum
1699 4904 1765 4967 suis

268 4984 479 5072 pertinenciis
493 4990 671 5049 tenuerunt
685 5006 743 5069 per
758 4986 928 5049 servicium
945 4996 1057 5068 quarte
1073 4985 1175 5068 partis
1189 4982 1213 5068 j.
1230 4982 1253 5046 f.
1270 5003 1315 5047 m.

312 5144 473 5208 Bobertus
499 5143 666 5208 Grendour
689 5144 730 5207 de
1095 5188 1104 5219 ,
1130 5148 1164 5206 et
1187 5141 1351 5205 Johanncs
1379 5138 1467 5200 Hille
1493 5136 1534 5199 de
1561 5134 1705 5218 Sparten
1730 5138 1766 5200 in

268 5234 429 5296 comitatu
458 5232 654 5309 Somersete,
682 5232 833 5315 armiger,
871 5238 905 5295 et
939 5232 1123 5295 willelmus
1159 5228 1295 5292 Michell
1332 5226 1373 5290 de
1410 5224 1499 5307 Pury
1535 5224 1570 5285 in
1607 5225 1768 5287 comitatu

271 5318 461 5400 Somersete,
477 5320 672 5403 gentilman,
686 5320 819 5383 fuerunt
845 5320 947 5382 seisiti
973 5325 1035 5382 etc.
1052 5318 1094 5381 de
1117 5319 1215 5380 certis
1242 5316 1336 5379 terris
1360 5321 1394 5375 et
1410 5310 1609 5375 tenementis
1622 5312 1658 5373 in
1674 5312 1768 5377 Punr

271 5414 306 5470 et
321 5406 541 5484 Heraeorum,
557 5413 591 5470 et
608 5408 722 5471 eadem
737 5414 840 5471 terras
854 5412 889 5470 et
903 5413 1093 5470 tenementa
1108 5408 1284 5467 tenuerunt
1300 5422 1356 5485 per
1371 5400 1541 5464 servicium
1555 5398 1580 5483 j.
1596 5397 1618 5463 f.
1633 5418 1680 5463 m.
