<?xml version="1.0" encoding="UTF-8"?>
<!DOCTYPE html PUBLIC "-//W3C//DTD XHTML 1.0 Transitional//EN"
    "http://www.w3.org/TR/xhtml1/DTD/xhtml1-transitional.dtd">
<html xmlns="http://www.w3.org/1999/xhtml" xml:lang="en" lang="en">
 <head>
  <title>
</title>
<meta http-equiv="Content-Type" content="text/html;charset=utf-8" />
  <meta name='ocr-system' content='tesseract 3.04.00' />
  <meta name='ocr-capabilities' content='ocr_page ocr_carea ocr_par ocr_line ocrx_word'/>
</head>
<body>
  <div class='ocr_page' id='page_1' title='image "./inquisitionsand02offigoog/inquisitionsand02offigoog_0137.png"; bbox 0 0 4117 6209; ppageno 0'>
   <div class='ocr_carea' id='block_1_1' title="bbox 897 611 1746 682">
    <p class='ocr_par' dir='ltr' id='par_1_1' title="bbox 897 611 1746 682">
     <span class='ocr_line' id='line_1_1' title="bbox 897 611 1746 682; baseline 0.008 -7"><span class='ocrx_word' id='word_1_1' title='bbox 897 611 980 676; x_wconf 69' lang='lat' dir='ltr'><strong>An).</strong></span> <span class='ocrx_word' id='word_1_2' title='bbox 1006 615 1101 678; x_wconf 68' lang='lat'><strong>1346.</strong></span> <span class='ocrx_word' id='word_1_3' title='bbox 1686 621 1746 682; x_wconf 71' lang='lat'><strong>121</strong></span> 
     </span>
    </p>
   </div>
   <div class='ocr_carea' id='block_1_2' title="bbox 250 894 1747 1064">
    <p class='ocr_par' dir='ltr' id='par_1_2' title="bbox 250 894 1747 1064">
     <span class='ocr_line' id='line_1_2' title="bbox 291 894 1747 990; baseline 0.006 -33"><span class='ocrx_word' id='word_1_4' title='bbox 291 894 337 957; x_wconf 91' lang='lat' dir='ltr'><strong>De</strong></span> <span class='ocrx_word' id='word_1_5' title='bbox 364 896 502 978; x_wconf 78' lang='lat' dir='ltr'><strong>Hugone</strong></span> <span class='ocrx_word' id='word_1_6' title='bbox 528 897 568 960; x_wconf 88' lang='lat' dir='ltr'><strong>de</strong></span> <span class='ocrx_word' id='word_1_7' title='bbox 591 898 679 962; x_wconf 87' lang='lat' dir='ltr'><strong>Hose</strong></span> <span class='ocrx_word' id='word_1_8' title='bbox 702 918 760 982; x_wconf 92' lang='lat' dir='ltr'><strong>pro</strong></span> <span class='ocrx_word' id='word_1_9' title='bbox 783 901 829 966; x_wconf 91' lang='lat' dir='ltr'><strong>di.</strong></span> <span class='ocrx_word' id='word_1_10' title='bbox 846 901 868 964; x_wconf 86' lang='lat' dir='ltr'><strong>f.</strong></span> <span class='ocrx_word' id='word_1_11' title='bbox 884 902 919 965; x_wconf 91' lang='lat' dir='ltr'><strong>in</strong></span> <span class='ocrx_word' id='word_1_12' title='bbox 936 903 1133 982; x_wconf 72' lang='lat' dir='ltr'><strong>Fnrurnru,</strong></span> <span class='ocrx_word' id='word_1_13' title='bbox 1150 925 1248 988; x_wconf 84' lang='lat' dir='ltr'><strong>qnam</strong></span> <span class='ocrx_word' id='word_1_14' title='bbox 1267 905 1363 990; x_wconf 85' lang='lat' dir='ltr'><strong>Hugo</strong></span> <span class='ocrx_word' id='word_1_15' title='bbox 1378 905 1419 968; x_wconf 92' lang='lat' dir='ltr'><strong>de</strong></span> <span class='ocrx_word' id='word_1_16' title='bbox 1436 905 1535 982; x_wconf 90' lang='lat' dir='ltr'><strong>Hose,</strong></span> <span class='ocrx_word' id='word_1_17' title='bbox 1552 910 1643 988; x_wconf 83' lang='lat' dir='ltr'><strong>pater</strong></span> <span class='ocrx_word' id='word_1_18' title='bbox 1658 924 1747 980; x_wconf 88' lang='lat' dir='ltr'><strong>suus,</strong></span> 
     </span>
     <span class='ocr_line' id='line_1_3' title="bbox 250 984 1746 1064; baseline 0.007 -19"><span class='ocrx_word' id='word_1_19' title='bbox 250 984 410 1064; x_wconf 88' lang='lat' dir='ltr'><strong>qnondam</strong></span> <span class='ocrx_word' id='word_1_20' title='bbox 426 987 534 1048; x_wconf 89' lang='lat' dir='ltr'><strong>tenuit</strong></span> <span class='ocrx_word' id='word_1_21' title='bbox 548 1025 1065 1042; x_wconf 89' lang='lat'>------</span> <span class='ocrx_word' id='word_1_22' title='bbox 1133 998 1137 1007; x_wconf 93' lang='lat'>&#39;</span> <span class='ocrx_word' id='word_1_23' title='bbox 1157 1033 1572 1043; x_wconf 92' lang='lat'>-----</span> <span class='ocrx_word' id='word_1_24' title='bbox 1662 1013 1746 1056; x_wconf 69' lang='lat' dir='ltr'><strong>xus.</strong></span> 
     </span>
    </p>
   </div>
   <div class='ocr_carea' id='block_1_3' title="bbox 250 1121 1747 1292">
    <p class='ocr_par' dir='ltr' id='par_1_3' title="bbox 250 1121 1747 1292">
     <span class='ocr_line' id='line_1_4' title="bbox 291 1121 1746 1214; baseline 0.004 -30"><span class='ocrx_word' id='word_1_25' title='bbox 291 1121 339 1185; x_wconf 93' lang='lat' dir='ltr'><strong>De</strong></span> <span class='ocrx_word' id='word_1_26' title='bbox 368 1123 485 1187; x_wconf 76' lang='lat' dir='ltr'><strong>abbate</strong></span> <span class='ocrx_word' id='word_1_27' title='bbox 512 1124 551 1187; x_wconf 93' lang='lat' dir='ltr'><strong>de</strong></span> <span class='ocrx_word' id='word_1_28' title='bbox 578 1123 810 1209; x_wconf 84' lang='lat' dir='ltr'><strong>Swynesheved</strong></span> <span class='ocrx_word' id='word_1_29' title='bbox 836 1148 893 1211; x_wconf 92' lang='lat' dir='ltr'><strong>pro</strong></span> <span class='ocrx_word' id='word_1_30' title='bbox 922 1127 946 1214; x_wconf 81' lang='lat' dir='ltr'><strong>j.</strong></span> <span class='ocrx_word' id='word_1_31' title='bbox 976 1128 998 1193; x_wconf 80' lang='lat' dir='ltr'><strong>f.</strong></span> <span class='ocrx_word' id='word_1_32' title='bbox 1023 1128 1059 1192; x_wconf 94' lang='lat' dir='ltr'><strong>in</strong></span> <span class='ocrx_word' id='word_1_33' title='bbox 1090 1129 1296 1209; x_wconf 76' lang='lat' dir='ltr'><strong>Oornonsvn,</strong></span> <span class='ocrx_word' id='word_1_34' title='bbox 1324 1130 1409 1214; x_wconf 84' lang='lat' dir='ltr'><strong>quod</strong></span> <span class='ocrx_word' id='word_1_35' title='bbox 1433 1129 1673 1213; x_wconf 75' lang='lat' dir='ltr'><strong>predecessores</strong></span> <span class='ocrx_word' id='word_1_36' title='bbox 1697 1130 1746 1191; x_wconf 84' lang='lat' dir='ltr'><strong>sui</strong></span> 
     </span>
     <span class='ocr_line' id='line_1_5' title="bbox 250 1209 1747 1292; baseline 0.005 -20"><span class='ocrx_word' id='word_1_37' title='bbox 250 1209 407 1292; x_wconf 87' lang='lat' dir='ltr'><strong>quondam</strong></span> <span class='ocrx_word' id='word_1_38' title='bbox 422 1216 600 1275; x_wconf 88' lang='lat' dir='ltr'><strong>tenuerunt</strong></span> <span class='ocrx_word' id='word_1_39' title='bbox 659 1253 1582 1268; x_wconf 88' lang='lat'>----------</span> <span class='ocrx_word' id='word_1_40' title='bbox 1670 1215 1747 1280; x_wconf 67' lang='lat' dir='ltr'><strong>xie.</strong></span> 
     </span>
    </p>
   </div>
   <div class='ocr_carea' id='block_1_4' title="bbox 249 1344 1746 1526">
    <p class='ocr_par' dir='ltr' id='par_1_4' title="bbox 249 1344 1746 1526">
     <span class='ocr_line' id='line_1_6' title="bbox 288 1344 1746 1438; baseline 0.005 -30"><span class='ocrx_word' id='word_1_41' title='bbox 288 1344 337 1410; x_wconf 90' lang='lat' dir='ltr'><strong>De</strong></span> <span class='ocrx_word' id='word_1_42' title='bbox 351 1348 457 1430; x_wconf 90' lang='lat' dir='ltr'><strong>priore</strong></span> <span class='ocrx_word' id='word_1_43' title='bbox 471 1347 513 1411; x_wconf 90' lang='lat' dir='ltr'><strong>de</strong></span> <span class='ocrx_word' id='word_1_44' title='bbox 528 1348 656 1412; x_wconf 86' lang='lat' dir='ltr'><strong>Lenton</strong></span> <span class='ocrx_word' id='word_1_45' title='bbox 671 1371 728 1434; x_wconf 88' lang='lat' dir='ltr'><strong>pro</strong></span> <span class='ocrx_word' id='word_1_46' title='bbox 742 1349 767 1437; x_wconf 82' lang='lat' dir='ltr'><strong>j.</strong></span> <span class='ocrx_word' id='word_1_47' title='bbox 783 1351 806 1415; x_wconf 78' lang='lat' dir='ltr'><strong>f.</strong></span> <span class='ocrx_word' id='word_1_48' title='bbox 822 1351 857 1413; x_wconf 89' lang='lat' dir='ltr'><strong>in</strong></span> <span class='ocrx_word' id='word_1_49' title='bbox 876 1351 1022 1435; x_wconf 76' lang='lat' dir='ltr'><strong>predicte</strong></span> <span class='ocrx_word' id='word_1_50' title='bbox 1039 1353 1116 1416; x_wconf 81' lang='lat' dir='ltr'><strong>villa</strong></span> <span class='ocrx_word' id='word_1_51' title='bbox 1131 1353 1171 1416; x_wconf 92' lang='lat' dir='ltr'><strong>de</strong></span> <span class='ocrx_word' id='word_1_52' title='bbox 1194 1354 1399 1432; x_wconf 75' lang='lat' dir='ltr'><strong>Cornonsvn,</strong></span> <span class='ocrx_word' id='word_1_53' title='bbox 1422 1354 1507 1438; x_wconf 91' lang='lat' dir='ltr'><strong>quod</strong></span> <span class='ocrx_word' id='word_1_54' title='bbox 1531 1357 1746 1418; x_wconf 74' lang='lat' dir='ltr'><strong>antecessores</strong></span> 
     </span>
     <span class='ocr_line' id='line_1_7' title="bbox 249 1434 1744 1526; baseline 0.007 -31"><span class='ocrx_word' id='word_1_55' title='bbox 249 1434 295 1495; x_wconf 88' lang='lat' dir='ltr'><strong>sui</strong></span> <span class='ocrx_word' id='word_1_56' title='bbox 310 1435 472 1526; x_wconf 77' lang='lat' dir='ltr'><strong>quondam</strong></span> <span class='ocrx_word' id='word_1_57' title='bbox 487 1440 665 1500; x_wconf 83' lang='lat' dir='ltr'><strong>tenuerunt</strong></span> <span class='ocrx_word' id='word_1_58' title='bbox 755 1475 1578 1492; x_wconf 88' lang='lat'>---------</span> <span class='ocrx_word' id='word_1_59' title='bbox 1667 1440 1744 1505; x_wconf 86' lang='lat' dir='ltr'><strong>xl.e.</strong></span> 
     </span>
    </p>
   </div>
   <div class='ocr_carea' id='block_1_5' title="bbox 245 1571 1749 2206">
    <p class='ocr_par' dir='ltr' id='par_1_5' title="bbox 247 1571 1745 1837">
     <span class='ocr_line' id='line_1_8' title="bbox 288 1571 1745 1664; baseline 0.004 -28"><span class='ocrx_word' id='word_1_60' title='bbox 288 1573 334 1636; x_wconf 90' lang='lat' dir='ltr'><strong>De</strong></span> <span class='ocrx_word' id='word_1_61' title='bbox 357 1571 475 1637; x_wconf 88' lang='lat' dir='ltr'><strong>herede</strong></span> <span class='ocrx_word' id='word_1_62' title='bbox 501 1574 599 1637; x_wconf 77' lang='lat' dir='ltr'><strong>Alani</strong></span> <span class='ocrx_word' id='word_1_63' title='bbox 622 1574 727 1639; x_wconf 78' lang='lat' dir='ltr'><strong>Melet</strong></span> <span class='ocrx_word' id='word_1_64' title='bbox 752 1596 811 1658; x_wconf 91' lang='lat' dir='ltr'><strong>pro</strong></span> <span class='ocrx_word' id='word_1_65' title='bbox 834 1577 898 1661; x_wconf 63' lang='lat' dir='ltr'><strong>if.</strong></span> <span class='ocrx_word' id='word_1_66' title='bbox 926 1582 960 1641; x_wconf 89' lang='lat' dir='ltr'><strong>et</strong></span> <span class='ocrx_word' id='word_1_67' title='bbox 986 1579 1088 1640; x_wconf 85' lang='lat' dir='ltr'><strong>tercia</strong></span> <span class='ocrx_word' id='word_1_68' title='bbox 1113 1583 1204 1661; x_wconf 84' lang='lat' dir='ltr'><strong>parte</strong></span> <span class='ocrx_word' id='word_1_69' title='bbox 1226 1577 1290 1664; x_wconf 78' lang='lat' dir='ltr'><strong>j..·f</strong></span> <span class='ocrx_word' id='word_1_70' title='bbox 1306 1600 1351 1644; x_wconf 94' lang='lat' dir='ltr'><strong>m.</strong></span> <span class='ocrx_word' id='word_1_71' title='bbox 1376 1580 1411 1641; x_wconf 95' lang='lat' dir='ltr'><strong>in</strong></span> <span class='ocrx_word' id='word_1_72' title='bbox 1437 1578 1583 1662; x_wconf 81' lang='lat' dir='ltr'><strong>predicta</strong></span> <span class='ocrx_word' id='word_1_73' title='bbox 1602 1577 1679 1641; x_wconf 82' lang='lat' dir='ltr'><strong>villa</strong></span> <span class='ocrx_word' id='word_1_74' title='bbox 1705 1579 1745 1642; x_wconf 92' lang='lat' dir='ltr'><strong>de</strong></span> 
     </span>
     <span class='ocr_line' id='line_1_9' title="bbox 247 1660 1744 1749; baseline 0.001 -23"><span class='ocrx_word' id='word_1_75' title='bbox 247 1660 439 1727; x_wconf 77' lang='lat' dir='ltr'><strong>Gornossvn</strong></span> <span class='ocrx_word' id='word_1_76' title='bbox 465 1661 499 1723; x_wconf 90' lang='lat' dir='ltr'><strong>in</strong></span> <span class='ocrx_word' id='word_1_77' title='bbox 525 1682 626 1724; x_wconf 89' lang='lat' dir='ltr'><strong>manu</strong></span> <span class='ocrx_word' id='word_1_78' title='bbox 650 1663 734 1746; x_wconf 75' lang='lat' dir='ltr'><strong>regie</strong></span> <span class='ocrx_word' id='word_1_79' title='bbox 757 1666 884 1727; x_wconf 79' lang='lat' dir='ltr'><strong>racione</strong></span> <span class='ocrx_word' id='word_1_80' title='bbox 910 1665 1045 1728; x_wconf 88' lang='lat' dir='ltr'><strong>minoris</strong></span> <span class='ocrx_word' id='word_1_81' title='bbox 1068 1668 1167 1728; x_wconf 80' lang='lat' dir='ltr'><strong>etatis</strong></span> <span class='ocrx_word' id='word_1_82' title='bbox 1191 1666 1317 1729; x_wconf 76' lang='lat' dir='ltr'><strong>heredis</strong></span> <span class='ocrx_word' id='word_1_83' title='bbox 1342 1665 1480 1749; x_wconf 86' lang='lat' dir='ltr'><strong>predicti</strong></span> <span class='ocrx_word' id='word_1_84' title='bbox 1496 1665 1580 1729; x_wconf 87' lang='lat' dir='ltr'><strong>etin</strong></span> <span class='ocrx_word' id='word_1_85' title='bbox 1596 1665 1744 1728; x_wconf 83' lang='lat' dir='ltr'><strong>custodie</strong></span> 
     </span>
     <span class='ocr_line' id='line_1_10' title="bbox 248 1746 1584 1837; baseline 0.004 -27"><span class='ocrx_word' id='word_1_86' title='bbox 248 1748 403 1812; x_wconf 89' lang='lat' dir='ltr'><strong>Willelmi</strong></span> <span class='ocrx_word' id='word_1_87' title='bbox 417 1749 457 1812; x_wconf 94' lang='lat' dir='ltr'><strong>de</strong></span> <span class='ocrx_word' id='word_1_88' title='bbox 473 1746 616 1832; x_wconf 82' lang='lat' dir='ltr'><strong>Assheby</strong></span> <span class='ocrx_word' id='word_1_89' title='bbox 632 1749 672 1813; x_wconf 90' lang='lat' dir='ltr'><strong>de</strong></span> <span class='ocrx_word' id='word_1_90' title='bbox 688 1749 812 1814; x_wconf 89' lang='lat' dir='ltr'><strong>Melton</strong></span> <span class='ocrx_word' id='word_1_91' title='bbox 830 1751 991 1836; x_wconf 83' lang='lat' dir='ltr'><strong>Moubrcy</strong></span> <span class='ocrx_word' id='word_1_92' title='bbox 1005 1773 1044 1816; x_wconf 85' lang='lat' dir='ltr'><strong>ex</strong></span> <span class='ocrx_word' id='word_1_93' title='bbox 1060 1753 1251 1816; x_wconf 87' lang='lat' dir='ltr'><strong>dimissione</strong></span> <span class='ocrx_word' id='word_1_94' title='bbox 1266 1754 1354 1837; x_wconf 81' lang='lat' dir='ltr'><strong>regis</strong></span> <span class='ocrx_word' id='word_1_95' title='bbox 1369 1753 1584 1817; x_wconf 75' lang='lat' dir='ltr'><strong>existentibus</strong></span> 
     </span>
    </p>

    <p class='ocr_par' dir='ltr' id='par_1_6' title="bbox 804 1838 1746 1925">
     <span class='ocr_line' id='line_1_11' title="bbox 804 1838 1746 1925; baseline -0.004 -19"><span class='ocrx_word' id='word_1_96' title='bbox 804 1901 807 1906; x_wconf 91' lang='lat'>.</span> <span class='ocrx_word' id='word_1_97' title='bbox 1531 1839 1627 1924; x_wconf 62' lang='lat' dir='ltr'><strong>liijc.</strong></span> <span class='ocrx_word' id='word_1_98' title='bbox 1645 1838 1746 1925; x_wconf 66' lang='lat' dir='ltr'><strong>iiijd.</strong></span> 
     </span>
    </p>

    <p class='ocr_par' dir='ltr' id='par_1_7' title="bbox 245 1947 1749 2206">
     <span class='ocr_line' id='line_1_12' title="bbox 287 1947 1746 2036; baseline 0.003 -25"><span class='ocrx_word' id='word_1_99' title='bbox 287 1948 335 2012; x_wconf 93' lang='lat' dir='ltr'><strong>De</strong></span> <span class='ocrx_word' id='word_1_100' title='bbox 350 1947 515 2012; x_wconf 90' lang='lat' dir='ltr'><strong>Willelmo</strong></span> <span class='ocrx_word' id='word_1_101' title='bbox 530 1949 639 2012; x_wconf 83' lang='lat' dir='ltr'><strong>Gozon</strong></span> <span class='ocrx_word' id='word_1_102' title='bbox 660 1952 785 2028; x_wconf 74' lang='lat' dir='ltr'><strong>(rectior</strong></span> <span class='ocrx_word' id='word_1_103' title='bbox 802 1950 924 2029; x_wconf 83' lang='lat' dir='ltr'><strong>Boznn)</strong></span> <span class='ocrx_word' id='word_1_104' title='bbox 942 1955 978 2014; x_wconf 92' lang='lat' dir='ltr'><strong>et</strong></span> <span class='ocrx_word' id='word_1_105' title='bbox 993 1952 1126 2016; x_wconf 81' lang='lat' dir='ltr'><strong>domina</strong></span> <span class='ocrx_word' id='word_1_106' title='bbox 1148 1952 1277 2016; x_wconf 83' lang='lat' dir='ltr'><strong>Gonora</strong></span> <span class='ocrx_word' id='word_1_107' title='bbox 1299 1952 1339 2016; x_wconf 91' lang='lat' dir='ltr'><strong>de</strong></span> <span class='ocrx_word' id='word_1_108' title='bbox 1362 1950 1536 2016; x_wconf 83' lang='lat' dir='ltr'><strong>Screveton</strong></span> <span class='ocrx_word' id='word_1_109' title='bbox 1559 1973 1618 2036; x_wconf 92' lang='lat' dir='ltr'><strong>pro</strong></span> <span class='ocrx_word' id='word_1_110' title='bbox 1633 1960 1746 2015; x_wconf 81' lang='lat' dir='ltr'><strong>octava</strong></span> 
     </span>
     <span class='ocr_line' id='line_1_13' title="bbox 245 2035 1749 2122; baseline 0.002 -24"><span class='ocrx_word' id='word_1_111' title='bbox 245 2042 336 2118; x_wconf 85' lang='lat' dir='ltr'><strong>perte</strong></span> <span class='ocrx_word' id='word_1_112' title='bbox 361 2037 385 2122; x_wconf 86' lang='lat' dir='ltr'><strong>j.</strong></span> <span class='ocrx_word' id='word_1_113' title='bbox 409 2035 434 2101; x_wconf 86' lang='lat' dir='ltr'><strong>f.</strong></span> <span class='ocrx_word' id='word_1_114' title='bbox 459 2037 494 2098; x_wconf 89' lang='lat' dir='ltr'><strong>in</strong></span> <span class='ocrx_word' id='word_1_115' title='bbox 523 2037 725 2116; x_wconf 68' lang='lat' dir='ltr'><strong>solemniore,</strong></span> <span class='ocrx_word' id='word_1_116' title='bbox 747 2060 845 2122; x_wconf 89' lang='lat' dir='ltr'><strong>quam</strong></span> <span class='ocrx_word' id='word_1_117' title='bbox 872 2039 1037 2104; x_wconf 85' lang='lat' dir='ltr'><strong>Johennes</strong></span> <span class='ocrx_word' id='word_1_118' title='bbox 1064 2041 1175 2104; x_wconf 88' lang='lat' dir='ltr'><strong>Gozon</strong></span> <span class='ocrx_word' id='word_1_119' title='bbox 1205 2043 1274 2118; x_wconf 80' lang='lat' dir='ltr'><strong>(cic)</strong></span> <span class='ocrx_word' id='word_1_120' title='bbox 1302 2043 1336 2104; x_wconf 90' lang='lat' dir='ltr'><strong>et</strong></span> <span class='ocrx_word' id='word_1_121' title='bbox 1361 2040 1520 2105; x_wconf 85' lang='lat' dir='ltr'><strong>Robertus</strong></span> <span class='ocrx_word' id='word_1_122' title='bbox 1547 2039 1587 2103; x_wconf 93' lang='lat' dir='ltr'><strong>de</strong></span> <span class='ocrx_word' id='word_1_123' title='bbox 1613 2039 1749 2102; x_wconf 82' lang='lat' dir='ltr'><strong>Berdolf</strong></span> 
     </span>
     <span class='ocr_line' id='line_1_14' title="bbox 245 2124 1744 2206; baseline 0.003 -20"><span class='ocrx_word' id='word_1_124' title='bbox 245 2124 406 2206; x_wconf 80' lang='lat' dir='ltr'><strong>quondam</strong></span> <span class='ocrx_word' id='word_1_125' title='bbox 423 2129 601 2190; x_wconf 84' lang='lat' dir='ltr'><strong>tenuerunt</strong></span> <span class='ocrx_word' id='word_1_126' title='bbox 667 2164 1593 2179; x_wconf 90' lang='lat'>----------</span> <span class='ocrx_word' id='word_1_127' title='bbox 1683 2147 1744 2192; x_wconf 74' lang='lat' dir='ltr'><strong>ue.</strong></span> 
     </span>
    </p>
   </div>
   <div class='ocr_carea' id='block_1_6' title="bbox 245 2263 1746 2434">
    <p class='ocr_par' dir='ltr' id='par_1_8' title="bbox 245 2263 1746 2434">
     <span class='ocr_line' id='line_1_15' title="bbox 287 2263 1746 2351; baseline 0.003 -27"><span class='ocrx_word' id='word_1_128' title='bbox 287 2263 335 2326; x_wconf 90' lang='lat' dir='ltr'><strong>De</strong></span> <span class='ocrx_word' id='word_1_129' title='bbox 361 2264 526 2327; x_wconf 88' lang='lat' dir='ltr'><strong>Willeimo</strong></span> <span class='ocrx_word' id='word_1_130' title='bbox 551 2263 736 2346; x_wconf 85' lang='lat' dir='ltr'><strong>Deyncourt</strong></span> <span class='ocrx_word' id='word_1_131' title='bbox 765 2285 822 2348; x_wconf 91' lang='lat' dir='ltr'><strong>pro</strong></span> <span class='ocrx_word' id='word_1_132' title='bbox 850 2265 875 2351; x_wconf 78' lang='lat' dir='ltr'><strong>j.</strong></span> <span class='ocrx_word' id='word_1_133' title='bbox 903 2267 926 2331; x_wconf 79' lang='lat' dir='ltr'><strong>f.</strong></span> <span class='ocrx_word' id='word_1_134' title='bbox 952 2266 987 2328; x_wconf 91' lang='lat' dir='ltr'><strong>in</strong></span> <span class='ocrx_word' id='word_1_135' title='bbox 1018 2266 1178 2332; x_wconf 75' lang='lat' dir='ltr'><strong>Gnrrrnnr</strong></span> <span class='ocrx_word' id='word_1_136' title='bbox 1202 2272 1237 2329; x_wconf 79' lang='lat' dir='ltr'><strong>ec</strong></span> <span class='ocrx_word' id='word_1_137' title='bbox 1269 2267 1410 2346; x_wconf 69' lang='lat' dir='ltr'><strong>soccos,</strong></span> <span class='ocrx_word' id='word_1_138' title='bbox 1439 2267 1525 2350; x_wconf 91' lang='lat' dir='ltr'><strong>quod</strong></span> <span class='ocrx_word' id='word_1_139' title='bbox 1554 2265 1746 2329; x_wconf 89' lang='lat' dir='ltr'><strong>Edmundus</strong></span> 
     </span>
     <span class='ocr_line' id='line_1_16' title="bbox 245 2348 1744 2434; baseline 0.003 -23"><span class='ocrx_word' id='word_1_140' title='bbox 245 2348 431 2433; x_wconf 87' lang='lat' dir='ltr'><strong>Deyncourt</strong></span> <span class='ocrx_word' id='word_1_141' title='bbox 446 2352 610 2434; x_wconf 83' lang='lat' dir='ltr'><strong>quondam</strong></span> <span class='ocrx_word' id='word_1_142' title='bbox 626 2352 737 2414; x_wconf 88' lang='lat' dir='ltr'><strong>tenuit</strong></span> <span class='ocrx_word' id='word_1_143' title='bbox 754 2392 1579 2405; x_wconf 89' lang='lat'><strong>---------</strong></span> <span class='ocrx_word' id='word_1_144' title='bbox 1667 2353 1744 2418; x_wconf 75' lang='lat' dir='ltr'><strong>rho.</strong></span> 
     </span>
    </p>
   </div>
   <div class='ocr_carea' id='block_1_7' title="bbox 244 2487 1746 2660">
    <p class='ocr_par' dir='ltr' id='par_1_9' title="bbox 244 2487 1746 2660">
     <span class='ocr_line' id='line_1_17' title="bbox 287 2487 1746 2574; baseline 0.002 -24"><span class='ocrx_word' id='word_1_145' title='bbox 287 2489 335 2552; x_wconf 90' lang='lat' dir='ltr'><strong>De</strong></span> <span class='ocrx_word' id='word_1_146' title='bbox 359 2487 510 2553; x_wconf 85' lang='lat' dir='ltr'><strong>Johenne</strong></span> <span class='ocrx_word' id='word_1_147' title='bbox 533 2489 720 2574; x_wconf 85' lang='lat' dir='ltr'><strong>Deynconrt</strong></span> <span class='ocrx_word' id='word_1_148' title='bbox 742 2510 800 2573; x_wconf 87' lang='lat' dir='ltr'><strong>pro</strong></span> <span class='ocrx_word' id='word_1_149' title='bbox 823 2490 868 2554; x_wconf 91' lang='lat' dir='ltr'><strong>di.</strong></span> <span class='ocrx_word' id='word_1_150' title='bbox 885 2489 908 2553; x_wconf 85' lang='lat' dir='ltr'><strong>f.</strong></span> <span class='ocrx_word' id='word_1_151' title='bbox 933 2490 969 2552; x_wconf 93' lang='lat' dir='ltr'><strong>in</strong></span> <span class='ocrx_word' id='word_1_152' title='bbox 984 2491 1154 2557; x_wconf 72' lang='lat' dir='ltr'><strong>Asnscrou</strong></span> <span class='ocrx_word' id='word_1_153' title='bbox 1171 2496 1205 2554; x_wconf 91' lang='lat' dir='ltr'><strong>et</strong></span> <span class='ocrx_word' id='word_1_154' title='bbox 1222 2491 1469 2568; x_wconf 63' lang='lat' dir='ltr'><strong>Honestumne,</strong></span> <span class='ocrx_word' id='word_1_155' title='bbox 1480 2489 1566 2574; x_wconf 93' lang='lat' dir='ltr'><strong>quod</strong></span> <span class='ocrx_word' id='word_1_156' title='bbox 1582 2488 1746 2553; x_wconf 80' lang='lat' dir='ltr'><strong>Johannes</strong></span> 
     </span>
     <span class='ocr_line' id='line_1_18' title="bbox 244 2573 1743 2660; baseline 0.003 -22"><span class='ocrx_word' id='word_1_157' title='bbox 244 2573 430 2660; x_wconf 86' lang='lat' dir='ltr'><strong>Deyncourt</strong></span> <span class='ocrx_word' id='word_1_158' title='bbox 445 2577 608 2660; x_wconf 86' lang='lat' dir='ltr'><strong>quondam</strong></span> <span class='ocrx_word' id='word_1_159' title='bbox 623 2578 734 2640; x_wconf 84' lang='lat' dir='ltr'><strong>tenuit</strong></span> <span class='ocrx_word' id='word_1_160' title='bbox 848 2617 1570 2628; x_wconf 92' lang='lat'>--------</span> <span class='ocrx_word' id='word_1_161' title='bbox 1660 2599 1743 2642; x_wconf 71' lang='lat' dir='ltr'><strong>xus.</strong></span> 
     </span>
    </p>
   </div>
   <div class='ocr_carea' id='block_1_8' title="bbox 244 2712 1743 2886">
    <p class='ocr_par' dir='ltr' id='par_1_10' title="bbox 244 2712 1743 2886">
     <span class='ocr_line' id='line_1_19' title="bbox 286 2712 1743 2800; baseline 0.001 -25"><span class='ocrx_word' id='word_1_162' title='bbox 286 2712 334 2776; x_wconf 92' lang='lat' dir='ltr'><strong>De</strong></span> <span class='ocrx_word' id='word_1_163' title='bbox 361 2714 475 2777; x_wconf 91' lang='lat' dir='ltr'><strong>eodem</strong></span> <span class='ocrx_word' id='word_1_164' title='bbox 498 2712 649 2777; x_wconf 86' lang='lat' dir='ltr'><strong>Johanne</strong></span> <span class='ocrx_word' id='word_1_165' title='bbox 674 2734 732 2796; x_wconf 91' lang='lat' dir='ltr'><strong>pro</strong></span> <span class='ocrx_word' id='word_1_166' title='bbox 755 2719 869 2777; x_wconf 83' lang='lat' dir='ltr'><strong>octerc</strong></span> <span class='ocrx_word' id='word_1_167' title='bbox 894 2719 985 2798; x_wconf 87' lang='lat' dir='ltr'><strong>parte</strong></span> <span class='ocrx_word' id='word_1_168' title='bbox 1009 2716 1034 2800; x_wconf 83' lang='lat' dir='ltr'><strong>j.</strong></span> <span class='ocrx_word' id='word_1_169' title='bbox 1053 2717 1074 2778; x_wconf 88' lang='lat' dir='ltr'><strong>f.</strong></span> <span class='ocrx_word' id='word_1_170' title='bbox 1100 2716 1134 2777; x_wconf 92' lang='lat' dir='ltr'><strong>in</strong></span> <span class='ocrx_word' id='word_1_171' title='bbox 1159 2716 1375 2781; x_wconf 78' lang='lat' dir='ltr'><strong>Ksnconsrou</strong></span> <span class='ocrx_word' id='word_1_172' title='bbox 1399 2719 1432 2777; x_wconf 85' lang='lat' dir='ltr'><strong>et</strong></span> <span class='ocrx_word' id='word_1_173' title='bbox 1449 2715 1631 2788; x_wconf 66' lang='lat' dir='ltr'><strong>Aenrcroru</strong></span> <span class='ocrx_word' id='word_1_174' title='bbox 1646 2735 1743 2794; x_wconf 84' lang='lat' dir='ltr'><strong>quem</strong></span> 
     </span>
     <span class='ocr_line' id='line_1_20' title="bbox 244 2799 1743 2886; baseline 0.002 -23"><span class='ocrx_word' id='word_1_175' title='bbox 244 2802 408 2885; x_wconf 86' lang='lat' dir='ltr'><strong>predictus</strong></span> <span class='ocrx_word' id='word_1_176' title='bbox 423 2799 586 2864; x_wconf 85' lang='lat' dir='ltr'><strong>Johennes</strong></span> <span class='ocrx_word' id='word_1_177' title='bbox 601 2802 763 2886; x_wconf 80' lang='lat' dir='ltr'><strong>quondam</strong></span> <span class='ocrx_word' id='word_1_178' title='bbox 779 2802 891 2865; x_wconf 83' lang='lat' dir='ltr'><strong>tenuit</strong></span> <span class='ocrx_word' id='word_1_179' title='bbox 969 2842 980 2852; x_wconf 93' lang='lat'>-</span> <span class='ocrx_word' id='word_1_180' title='bbox 1071 2817 1087 2853; x_wconf 72' lang='lat'><strong>-2</strong></span> <span class='ocrx_word' id='word_1_181' title='bbox 1173 2837 1589 2853; x_wconf 91' lang='lat'>-----</span> <span class='ocrx_word' id='word_1_182' title='bbox 1679 2823 1743 2867; x_wconf 75' lang='lat' dir='ltr'><strong>ue.</strong></span> 
     </span>
    </p>
   </div>
   <div class='ocr_carea' id='block_1_9' title="bbox 243 2938 1745 3112">
    <p class='ocr_par' dir='ltr' id='par_1_11' title="bbox 243 2938 1745 3112">
     <span class='ocr_line' id='line_1_21' title="bbox 286 2938 1745 3026; baseline 0 -24"><span class='ocrx_word' id='word_1_183' title='bbox 286 2940 334 3003; x_wconf 90' lang='lat' dir='ltr'><strong>De</strong></span> <span class='ocrx_word' id='word_1_184' title='bbox 348 2939 473 3003; x_wconf 86' lang='lat' dir='ltr'><strong>Thoma</strong></span> <span class='ocrx_word' id='word_1_185' title='bbox 486 2939 526 3002; x_wconf 90' lang='lat' dir='ltr'><strong>de</strong></span> <span class='ocrx_word' id='word_1_186' title='bbox 541 2939 694 3022; x_wconf 85' lang='lat' dir='ltr'><strong>Radclyff</strong></span> <span class='ocrx_word' id='word_1_187' title='bbox 704 2945 739 3002; x_wconf 81' lang='lat' dir='ltr'><strong>et</strong></span> <span class='ocrx_word' id='word_1_188' title='bbox 754 2941 945 3021; x_wconf 86' lang='lat' dir='ltr'><strong>pereenariis</strong></span> <span class='ocrx_word' id='word_1_189' title='bbox 962 2940 1027 3003; x_wconf 89' lang='lat' dir='ltr'><strong>suis</strong></span> <span class='ocrx_word' id='word_1_190' title='bbox 1044 2961 1101 3024; x_wconf 92' lang='lat' dir='ltr'><strong>pro</strong></span> <span class='ocrx_word' id='word_1_191' title='bbox 1115 2941 1140 3026; x_wconf 82' lang='lat' dir='ltr'><strong>j.</strong></span> <span class='ocrx_word' id='word_1_192' title='bbox 1157 2939 1180 3004; x_wconf 82' lang='lat' dir='ltr'><strong>f.</strong></span> <span class='ocrx_word' id='word_1_193' title='bbox 1197 2942 1232 3003; x_wconf 93' lang='lat' dir='ltr'><strong>in</strong></span> <span class='ocrx_word' id='word_1_194' title='bbox 1248 2941 1412 3016; x_wconf 72' lang='lat' dir='ltr'><strong>Brennus,</strong></span> <span class='ocrx_word' id='word_1_195' title='bbox 1426 2940 1512 3022; x_wconf 90' lang='lat' dir='ltr'><strong>quod</strong></span> <span class='ocrx_word' id='word_1_196' title='bbox 1537 2938 1679 3002; x_wconf 80' lang='lat' dir='ltr'><strong>Thomas</strong></span> <span class='ocrx_word' id='word_1_197' title='bbox 1704 2939 1745 3002; x_wconf 89' lang='lat' dir='ltr'><strong>de</strong></span> 
     </span>
     <span class='ocr_line' id='line_1_22' title="bbox 243 3027 1743 3112; baseline 0 -21"><span class='ocrx_word' id='word_1_198' title='bbox 243 3027 399 3112; x_wconf 76' lang='lat' dir='ltr'><strong>Reddyff,</strong></span> <span class='ocrx_word' id='word_1_199' title='bbox 416 3033 506 3112; x_wconf 87' lang='lat' dir='ltr'><strong>pater</strong></span> <span class='ocrx_word' id='word_1_200' title='bbox 522 3049 608 3106; x_wconf 86' lang='lat' dir='ltr'><strong>suus,</strong></span> <span class='ocrx_word' id='word_1_201' title='bbox 623 3028 788 3110; x_wconf 85' lang='lat' dir='ltr'><strong>quondam</strong></span> <span class='ocrx_word' id='word_1_202' title='bbox 804 3028 911 3090; x_wconf 82' lang='lat' dir='ltr'><strong>tenuit</strong></span> <span class='ocrx_word' id='word_1_203' title='bbox 956 3063 1577 3078; x_wconf 88' lang='lat'><strong>-------</strong></span> <span class='ocrx_word' id='word_1_204' title='bbox 1666 3027 1743 3091; x_wconf 71' lang='lat' dir='ltr'><strong>xie.</strong></span> 
     </span>
    </p>
   </div>
   <div class='ocr_carea' id='block_1_10' title="bbox 242 3161 1744 3338">
    <p class='ocr_par' dir='ltr' id='par_1_12' title="bbox 242 3161 1744 3338">
     <span class='ocr_line' id='line_1_23' title="bbox 285 3161 1744 3250; baseline -0.001 -23"><span class='ocrx_word' id='word_1_205' title='bbox 285 3165 331 3228; x_wconf 91' lang='lat' dir='ltr'><strong>De</strong></span> <span class='ocrx_word' id='word_1_206' title='bbox 343 3165 483 3249; x_wconf 87' lang='lat' dir='ltr'><strong>Hugone</strong></span> <span class='ocrx_word' id='word_1_207' title='bbox 495 3165 676 3249; x_wconf 86' lang='lat' dir='ltr'><strong>Meyngnill</strong></span> <span class='ocrx_word' id='word_1_208' title='bbox 691 3170 724 3227; x_wconf 87' lang='lat' dir='ltr'><strong>et</strong></span> <span class='ocrx_word' id='word_1_209' title='bbox 736 3165 757 3228; x_wconf 94' lang='lat' dir='ltr'><strong>J</strong></span> <span class='ocrx_word' id='word_1_210' title='bbox 758 3163 896 3243; x_wconf 83' lang='lat' dir='ltr'><strong>ohanne,</strong></span> <span class='ocrx_word' id='word_1_211' title='bbox 909 3185 1005 3228; x_wconf 83' lang='lat' dir='ltr'><strong>uxore</strong></span> <span class='ocrx_word' id='word_1_212' title='bbox 1020 3165 1104 3250; x_wconf 88' lang='lat' dir='ltr'><strong>ejus,</strong></span> <span class='ocrx_word' id='word_1_213' title='bbox 1117 3185 1180 3246; x_wconf 92' lang='lat' dir='ltr'><strong>que</strong></span> <span class='ocrx_word' id='word_1_214' title='bbox 1196 3163 1260 3226; x_wconf 84' lang='lat' dir='ltr'><strong>init</strong></span> <span class='ocrx_word' id='word_1_215' title='bbox 1275 3184 1354 3228; x_wconf 82' lang='lat' dir='ltr'><strong>uxor</strong></span> <span class='ocrx_word' id='word_1_216' title='bbox 1369 3161 1534 3246; x_wconf 79' lang='lat' dir='ltr'><strong>Rednlphi</strong></span> <span class='ocrx_word' id='word_1_217' title='bbox 1552 3162 1676 3240; x_wconf 86' lang='lat' dir='ltr'><strong>Basset‚</strong></span> <span class='ocrx_word' id='word_1_218' title='bbox 1688 3184 1744 3246; x_wconf 89' lang='lat' dir='ltr'><strong>pro</strong></span> 
     </span>
     <span class='ocr_line' id='line_1_24' title="bbox 242 3250 1741 3338; baseline 0 -24"><span class='ocrx_word' id='word_1_219' title='bbox 242 3252 265 3338; x_wconf 81' lang='lat' dir='ltr'><strong>j.</strong></span> <span class='ocrx_word' id='word_1_220' title='bbox 282 3253 304 3316; x_wconf 84' lang='lat' dir='ltr'><strong>f.</strong></span> <span class='ocrx_word' id='word_1_221' title='bbox 319 3254 354 3315; x_wconf 91' lang='lat' dir='ltr'><strong>in</strong></span> <span class='ocrx_word' id='word_1_222' title='bbox 369 3252 529 3330; x_wconf 71' lang='lat' dir='ltr'><strong>Consecrr,</strong></span> <span class='ocrx_word' id='word_1_223' title='bbox 544 3254 630 3334; x_wconf 92' lang='lat' dir='ltr'><strong>quod</strong></span> <span class='ocrx_word' id='word_1_224' title='bbox 647 3250 837 3336; x_wconf 81' lang='lat' dir='ltr'><strong>Radulphus</strong></span> <span class='ocrx_word' id='word_1_225' title='bbox 852 3251 966 3315; x_wconf 83' lang='lat' dir='ltr'><strong>Basset</strong></span> <span class='ocrx_word' id='word_1_226' title='bbox 981 3252 1143 3336; x_wconf 84' lang='lat' dir='ltr'><strong>quondam</strong></span> <span class='ocrx_word' id='word_1_227' title='bbox 1160 3254 1269 3314; x_wconf 88' lang='lat' dir='ltr'><strong>tenuit</strong></span> <span class='ocrx_word' id='word_1_228' title='bbox 1361 3291 1371 3301; x_wconf 95' lang='lat'><em>-</em></span> <span class='ocrx_word' id='word_1_229' title='bbox 1463 3290 1473 3301; x_wconf 91' lang='lat'>-</span> <span class='ocrx_word' id='word_1_230' title='bbox 1562 3285 1573 3298; x_wconf 94' lang='lat'><strong>·</strong></span> <span class='ocrx_word' id='word_1_231' title='bbox 1664 3251 1741 3314; x_wconf 76' lang='lat' dir='ltr'><strong>xie.</strong></span> 
     </span>
    </p>
   </div>
   <div class='ocr_carea' id='block_1_11' title="bbox 242 3387 1742 3561">
    <p class='ocr_par' dir='ltr' id='par_1_13' title="bbox 242 3387 1742 3561">
     <span class='ocr_line' id='line_1_25' title="bbox 284 3387 1741 3475; baseline 0.001 -24"><span class='ocrx_word' id='word_1_232' title='bbox 284 3389 333 3451; x_wconf 89' lang='lat' dir='ltr'><strong>De</strong></span> <span class='ocrx_word' id='word_1_233' title='bbox 357 3387 482 3452; x_wconf 82' lang='lat' dir='ltr'><strong>Thema</strong></span> <span class='ocrx_word' id='word_1_234' title='bbox 507 3389 547 3452; x_wconf 90' lang='lat' dir='ltr'><strong>de</strong></span> <span class='ocrx_word' id='word_1_235' title='bbox 572 3389 663 3451; x_wconf 90' lang='lat' dir='ltr'><strong>Novo</strong></span> <span class='ocrx_word' id='word_1_236' title='bbox 679 3389 825 3452; x_wconf 83' lang='lat' dir='ltr'><strong>Merceto</strong></span> <span class='ocrx_word' id='word_1_237' title='bbox 851 3410 909 3471; x_wconf 90' lang='lat' dir='ltr'><strong>pro</strong></span> <span class='ocrx_word' id='word_1_238' title='bbox 923 3390 960 3475; x_wconf 84' lang='lat' dir='ltr'><strong>ij.</strong></span> <span class='ocrx_word' id='word_1_239' title='bbox 976 3390 998 3453; x_wconf 86' lang='lat' dir='ltr'><strong>f.</strong></span> <span class='ocrx_word' id='word_1_240' title='bbox 1015 3390 1049 3450; x_wconf 89' lang='lat' dir='ltr'><strong>in</strong></span> <span class='ocrx_word' id='word_1_241' title='bbox 1065 3389 1244 3465; x_wconf 68' lang='lat' dir='ltr'><strong>Wrrrrrou</strong></span> <span class='ocrx_word' id='word_1_242' title='bbox 1261 3388 1430 3452; x_wconf 77' lang='lat' dir='ltr'><strong>Asmc&#39;rorr</strong></span> <span class='ocrx_word' id='word_1_243' title='bbox 1448 3391 1482 3448; x_wconf 92' lang='lat' dir='ltr'><strong>et</strong></span> <span class='ocrx_word' id='word_1_244' title='bbox 1498 3387 1741 3466; x_wconf 75' lang='lat' dir='ltr'><strong>Honnsironrrr,</strong></span> 
     </span>
     <span class='ocr_line' id='line_1_26' title="bbox 242 3474 1742 3561; baseline 0 -22"><span class='ocrx_word' id='word_1_245' title='bbox 242 3497 302 3560; x_wconf 89' lang='lat' dir='ltr'><strong>que</strong></span> <span class='ocrx_word' id='word_1_246' title='bbox 317 3477 455 3539; x_wconf 84' lang='lat' dir='ltr'><strong>Thomas</strong></span> <span class='ocrx_word' id='word_1_247' title='bbox 470 3477 511 3540; x_wconf 89' lang='lat' dir='ltr'><strong>de</strong></span> <span class='ocrx_word' id='word_1_248' title='bbox 525 3477 616 3538; x_wconf 85' lang='lat' dir='ltr'><strong>Novo</strong></span> <span class='ocrx_word' id='word_1_249' title='bbox 632 3478 786 3554; x_wconf 77' lang='lat' dir='ltr'><strong>hiemato,</strong></span> <span class='ocrx_word' id='word_1_250' title='bbox 802 3484 893 3561; x_wconf 86' lang='lat' dir='ltr'><strong>pater</strong></span> <span class='ocrx_word' id='word_1_251' title='bbox 909 3497 998 3554; x_wconf 89' lang='lat' dir='ltr'><strong>suus,</strong></span> <span class='ocrx_word' id='word_1_252' title='bbox 1014 3475 1177 3559; x_wconf 81' lang='lat' dir='ltr'><strong>quondam</strong></span> <span class='ocrx_word' id='word_1_253' title='bbox 1195 3476 1345 3538; x_wconf 87' lang='lat' dir='ltr'><strong>tennit—</strong></span> <span class='ocrx_word' id='word_1_254' title='bbox 1437 3513 1447 3524; x_wconf 92' lang='lat'><strong>·</strong></span> <span class='ocrx_word' id='word_1_255' title='bbox 1538 3514 1548 3525; x_wconf 92' lang='lat'><em>-</em></span> <span class='ocrx_word' id='word_1_256' title='bbox 1638 3474 1742 3558; x_wconf 61' lang='lat' dir='ltr'><strong>iiiiii.</strong></span> 
     </span>
    </p>
   </div>
   <div class='ocr_carea' id='block_1_12' title="bbox 242 3611 1743 3788">
    <p class='ocr_par' dir='ltr' id='par_1_14' title="bbox 242 3611 1743 3788">
     <span class='ocr_line' id='line_1_27' title="bbox 284 3611 1743 3697; baseline -0.002 -21"><span class='ocrx_word' id='word_1_257' title='bbox 284 3615 333 3678; x_wconf 92' lang='lat' dir='ltr'><strong>De</strong></span> <span class='ocrx_word' id='word_1_258' title='bbox 358 3614 523 3677; x_wconf 89' lang='lat' dir='ltr'><strong>Willelmo</strong></span> <span class='ocrx_word' id='word_1_259' title='bbox 546 3613 733 3697; x_wconf 81' lang='lat' dir='ltr'><strong>Deyncourt</strong></span> <span class='ocrx_word' id='word_1_260' title='bbox 761 3618 796 3676; x_wconf 81' lang='lat' dir='ltr'><strong>et</strong></span> <span class='ocrx_word' id='word_1_261' title='bbox 824 3614 973 3677; x_wconf 84' lang='lat' dir='ltr'><strong>Johenne</strong></span> <span class='ocrx_word' id='word_1_262' title='bbox 1004 3611 1128 3676; x_wconf 82' lang='lat' dir='ltr'><strong>Ccltoft</strong></span> <span class='ocrx_word' id='word_1_263' title='bbox 1151 3633 1209 3694; x_wconf 94' lang='lat' dir='ltr'><strong>pro</strong></span> <span class='ocrx_word' id='word_1_264' title='bbox 1238 3612 1262 3697; x_wconf 83' lang='lat' dir='ltr'><strong>j.</strong></span> <span class='ocrx_word' id='word_1_265' title='bbox 1289 3611 1312 3676; x_wconf 88' lang='lat' dir='ltr'><strong>f.</strong></span> <span class='ocrx_word' id='word_1_266' title='bbox 1335 3612 1369 3674; x_wconf 91' lang='lat' dir='ltr'><strong>in</strong></span> <span class='ocrx_word' id='word_1_267' title='bbox 1397 3611 1625 3688; x_wconf 78' lang='lat' dir='ltr'><strong>Bnreonronn,</strong></span> <span class='ocrx_word' id='word_1_268' title='bbox 1656 3611 1743 3693; x_wconf 92' lang='lat' dir='ltr'><strong>quod</strong></span> 
     </span>
     <span class='ocr_line' id='line_1_28' title="bbox 242 3700 867 3788; baseline -0.003 -22"><span class='ocrx_word' id='word_1_269' title='bbox 242 3701 386 3788; x_wconf 80' lang='lat' dir='ltr'><strong>Rogerns</strong></span> <span class='ocrx_word' id='word_1_270' title='bbox 403 3700 564 3765; x_wconf 83' lang='lat' dir='ltr'><strong>Brabazon</strong></span> <span class='ocrx_word' id='word_1_271' title='bbox 580 3701 743 3784; x_wconf 85' lang='lat' dir='ltr'><strong>quondam</strong></span> <span class='ocrx_word' id='word_1_272' title='bbox 757 3703 867 3764; x_wconf 80' lang='lat' dir='ltr'><strong>tenuit</strong></span> 
     </span>
    </p>
   </div>
   <div class='ocr_carea' id='block_1_13' title="bbox 243 3834 1742 4014">
    <p class='ocr_par' dir='ltr' id='par_1_15' title="bbox 243 3834 1742 4014">
     <span class='ocr_line' id='line_1_29' title="bbox 285 3834 1742 3924; baseline -0.003 -22"><span class='ocrx_word' id='word_1_273' title='bbox 285 3840 333 3902; x_wconf 90' lang='lat' dir='ltr'><strong>De</strong></span> <span class='ocrx_word' id='word_1_274' title='bbox 356 3838 522 3902; x_wconf 86' lang='lat' dir='ltr'><strong>Willelmo</strong></span> <span class='ocrx_word' id='word_1_275' title='bbox 545 3838 586 3901; x_wconf 89' lang='lat' dir='ltr'><strong>de</strong></span> <span class='ocrx_word' id='word_1_276' title='bbox 614 3836 786 3924; x_wconf 82' lang='lat' dir='ltr'><strong>Bynghnm</strong></span> <span class='ocrx_word' id='word_1_277' title='bbox 814 3858 872 3920; x_wconf 92' lang='lat' dir='ltr'><strong>pro</strong></span> <span class='ocrx_word' id='word_1_278' title='bbox 895 3838 919 3924; x_wconf 83' lang='lat' dir='ltr'><strong>j.</strong></span> <span class='ocrx_word' id='word_1_279' title='bbox 935 3839 959 3902; x_wconf 84' lang='lat' dir='ltr'><strong>f.</strong></span> <span class='ocrx_word' id='word_1_280' title='bbox 975 3839 1009 3900; x_wconf 93' lang='lat' dir='ltr'><strong>in</strong></span> <span class='ocrx_word' id='word_1_281' title='bbox 1026 3837 1203 3916; x_wconf 76' lang='lat' dir='ltr'><strong>Brrronsn,</strong></span> <span class='ocrx_word' id='word_1_282' title='bbox 1230 3837 1317 3920; x_wconf 90' lang='lat' dir='ltr'><strong>quod</strong></span> <span class='ocrx_word' id='word_1_283' title='bbox 1344 3835 1499 3898; x_wconf 79' lang='lat' dir='ltr'><strong>Ricardus</strong></span> <span class='ocrx_word' id='word_1_284' title='bbox 1514 3835 1555 3898; x_wconf 87' lang='lat' dir='ltr'><strong>de</strong></span> <span class='ocrx_word' id='word_1_285' title='bbox 1572 3834 1742 3921; x_wconf 83' lang='lat' dir='ltr'><strong>Bynghcm</strong></span> 
     </span>
     <span class='ocr_line' id='line_1_30' title="bbox 243 3923 1741 4014; baseline -0.002 -23"><span class='ocrx_word' id='word_1_286' title='bbox 243 3928 405 4014; x_wconf 90' lang='lat' dir='ltr'><strong>quondam</strong></span> <span class='ocrx_word' id='word_1_287' title='bbox 420 3928 530 3990; x_wconf 87' lang='lat' dir='ltr'><strong>tenuit</strong></span> <span class='ocrx_word' id='word_1_288' title='bbox 547 3963 1573 3977; x_wconf 88' lang='lat'>-----------</span> <span class='ocrx_word' id='word_1_289' title='bbox 1664 3923 1706 3988; x_wconf 85' lang='lat' dir='ltr'><strong>xl.</strong></span> <span class='ocrx_word' id='word_1_290' title='bbox 1715 3947 1741 3988; x_wconf 83' lang='lat' dir='ltr'><strong>e.</strong></span> 
     </span>
    </p>
   </div>
   <div class='ocr_carea' id='block_1_14' title="bbox 242 4059 1743 4235">
    <p class='ocr_par' dir='ltr' id='par_1_16' title="bbox 242 4059 1743 4235">
     <span class='ocr_line' id='line_1_31' title="bbox 283 4059 1743 4145; baseline -0.001 -19"><span class='ocrx_word' id='word_1_291' title='bbox 283 4065 331 4128; x_wconf 87' lang='lat' dir='ltr'><strong>De</strong></span> <span class='ocrx_word' id='word_1_292' title='bbox 357 4064 504 4127; x_wconf 84' lang='lat' dir='ltr'><strong>Johenne</strong></span> <span class='ocrx_word' id='word_1_293' title='bbox 530 4063 571 4126; x_wconf 91' lang='lat' dir='ltr'><strong>de</strong></span> <span class='ocrx_word' id='word_1_294' title='bbox 594 4062 729 4145; x_wconf 83' lang='lat' dir='ltr'><strong>Tybtoit</strong></span> <span class='ocrx_word' id='word_1_295' title='bbox 752 4083 810 4145; x_wconf 91' lang='lat' dir='ltr'><strong>pro</strong></span> <span class='ocrx_word' id='word_1_296' title='bbox 834 4063 879 4127; x_wconf 93' lang='lat' dir='ltr'><strong>di.</strong></span> <span class='ocrx_word' id='word_1_297' title='bbox 896 4061 918 4127; x_wconf 83' lang='lat' dir='ltr'><strong>f.</strong></span> <span class='ocrx_word' id='word_1_298' title='bbox 944 4063 980 4124; x_wconf 93' lang='lat' dir='ltr'><strong>in</strong></span> <span class='ocrx_word' id='word_1_299' title='bbox 1006 4063 1143 4128; x_wconf 67' lang='lat' dir='ltr'><strong>ninere</strong></span> <span class='ocrx_word' id='word_1_300' title='bbox 1158 4066 1192 4124; x_wconf 87' lang='lat' dir='ltr'><strong>et</strong></span> <span class='ocrx_word' id='word_1_301' title='bbox 1208 4062 1416 4140; x_wconf 76' lang='lat' dir='ltr'><strong>Bsnsnsnou,</strong></span> <span class='ocrx_word' id='word_1_302' title='bbox 1434 4059 1521 4144; x_wconf 90' lang='lat' dir='ltr'><strong>quod</strong></span> <span class='ocrx_word' id='word_1_303' title='bbox 1536 4059 1687 4144; x_wconf 82' lang='lat' dir='ltr'><strong>Peganus</strong></span> <span class='ocrx_word' id='word_1_304' title='bbox 1703 4061 1743 4124; x_wconf 91' lang='lat' dir='ltr'><strong>de</strong></span> 
     </span>
     <span class='ocr_line' id='line_1_32' title="bbox 242 4151 1742 4235; baseline 0 -21"><span class='ocrx_word' id='word_1_305' title='bbox 242 4152 376 4235; x_wconf 81' lang='lat' dir='ltr'><strong>Tybtcit</strong></span> <span class='ocrx_word' id='word_1_306' title='bbox 391 4151 554 4235; x_wconf 84' lang='lat' dir='ltr'><strong>quondam</strong></span> <span class='ocrx_word' id='word_1_307' title='bbox 571 4151 679 4213; x_wconf 88' lang='lat' dir='ltr'><strong>tenuit</strong></span> <span class='ocrx_word' id='word_1_308' title='bbox 746 4187 1570 4200; x_wconf 89' lang='lat'><em>---------</em></span> <span class='ocrx_word' id='word_1_309' title='bbox 1660 4171 1742 4214; x_wconf 62' lang='lat' dir='ltr'><strong>xxo.</strong></span> 
     </span>
    </p>
   </div>
   <div class='ocr_carea' id='block_1_15' title="bbox 242 4285 1743 4461">
    <p class='ocr_par' dir='ltr' id='par_1_17' title="bbox 242 4285 1743 4461">
     <span class='ocr_line' id='line_1_33' title="bbox 282 4285 1743 4372; baseline -0.001 -22"><span class='ocrx_word' id='word_1_310' title='bbox 282 4289 328 4352; x_wconf 93' lang='lat' dir='ltr'><strong>De</strong></span> <span class='ocrx_word' id='word_1_311' title='bbox 352 4290 456 4372; x_wconf 88' lang='lat' dir='ltr'><strong>priore</strong></span> <span class='ocrx_word' id='word_1_312' title='bbox 479 4287 518 4350; x_wconf 93' lang='lat' dir='ltr'><strong>de</strong></span> <span class='ocrx_word' id='word_1_313' title='bbox 543 4287 744 4370; x_wconf 82' lang='lat' dir='ltr'><strong>Thurgerton</strong></span> <span class='ocrx_word' id='word_1_314' title='bbox 769 4307 826 4369; x_wconf 89' lang='lat' dir='ltr'><strong>pro</strong></span> <span class='ocrx_word' id='word_1_315' title='bbox 849 4291 964 4371; x_wconf 81' lang='lat' dir='ltr'><strong>quarte</strong></span> <span class='ocrx_word' id='word_1_316' title='bbox 988 4290 1080 4370; x_wconf 84' lang='lat' dir='ltr'><strong>perte</strong></span> <span class='ocrx_word' id='word_1_317' title='bbox 1095 4286 1118 4371; x_wconf 88' lang='lat' dir='ltr'><strong>j.</strong></span> <span class='ocrx_word' id='word_1_318' title='bbox 1136 4285 1158 4348; x_wconf 85' lang='lat' dir='ltr'><strong>f.</strong></span> <span class='ocrx_word' id='word_1_319' title='bbox 1174 4287 1209 4347; x_wconf 91' lang='lat' dir='ltr'><strong>in</strong></span> <span class='ocrx_word' id='word_1_320' title='bbox 1226 4286 1391 4363; x_wconf 75' lang='lat' dir='ltr'><strong>Hrcnrrro,</strong></span> <span class='ocrx_word' id='word_1_321' title='bbox 1409 4305 1507 4368; x_wconf 84' lang='lat' dir='ltr'><strong>quem</strong></span> <span class='ocrx_word' id='word_1_322' title='bbox 1524 4289 1743 4349; x_wconf 81' lang='lat' dir='ltr'><strong>antecessores</strong></span> 
     </span>
     <span class='ocr_line' id='line_1_34' title="bbox 242 4377 662 4461; baseline -0.007 -22"><span class='ocrx_word' id='word_1_323' title='bbox 242 4378 292 4440; x_wconf 86' lang='lat' dir='ltr'><strong>sui</strong></span> <span class='ocrx_word' id='word_1_324' title='bbox 307 4377 471 4461; x_wconf 86' lang='lat' dir='ltr'><strong>qnondam</strong></span> <span class='ocrx_word' id='word_1_325' title='bbox 487 4379 662 4437; x_wconf 84' lang='lat' dir='ltr'><strong>tenuerunt</strong></span> 
     </span>
    </p>
   </div>
   <div class='ocr_carea' id='block_1_16' title="bbox 239 4505 1744 4684">
    <p class='ocr_par' dir='ltr' id='par_1_18' title="bbox 239 4505 1744 4684">
     <span class='ocr_line' id='line_1_35' title="bbox 281 4505 1744 4595; baseline -0.001 -20"><span class='ocrx_word' id='word_1_326' title='bbox 281 4513 330 4576; x_wconf 90' lang='lat' dir='ltr'><strong>De</strong></span> <span class='ocrx_word' id='word_1_327' title='bbox 353 4513 509 4576; x_wconf 81' lang='lat' dir='ltr'><strong>Gervesio</strong></span> <span class='ocrx_word' id='word_1_328' title='bbox 532 4512 572 4574; x_wconf 92' lang='lat' dir='ltr'><strong>de</strong></span> <span class='ocrx_word' id='word_1_329' title='bbox 593 4510 721 4594; x_wconf 82' lang='lat' dir='ltr'><strong>Clyfcon</strong></span> <span class='ocrx_word' id='word_1_330' title='bbox 739 4531 795 4594; x_wconf 91' lang='lat' dir='ltr'><strong>pro</strong></span> <span class='ocrx_word' id='word_1_331' title='bbox 809 4510 834 4595; x_wconf 81' lang='lat' dir='ltr'><strong>j.</strong></span> <span class='ocrx_word' id='word_1_332' title='bbox 852 4510 874 4574; x_wconf 86' lang='lat' dir='ltr'><strong>f.</strong></span> <span class='ocrx_word' id='word_1_333' title='bbox 891 4509 926 4571; x_wconf 90' lang='lat' dir='ltr'><strong>in</strong></span> <span class='ocrx_word' id='word_1_334' title='bbox 942 4510 1137 4588; x_wconf 74' lang='lat' dir='ltr'><strong>Buconrou,</strong></span> <span class='ocrx_word' id='word_1_335' title='bbox 1155 4509 1241 4592; x_wconf 90' lang='lat' dir='ltr'><strong>quod</strong></span> <span class='ocrx_word' id='word_1_336' title='bbox 1256 4509 1430 4572; x_wconf 79' lang='lat' dir='ltr'><strong>Gervesius</strong></span> <span class='ocrx_word' id='word_1_337' title='bbox 1445 4508 1485 4571; x_wconf 91' lang='lat' dir='ltr'><strong>de</strong></span> <span class='ocrx_word' id='word_1_338' title='bbox 1503 4505 1646 4592; x_wconf 84' lang='lat' dir='ltr'><strong>Clyfton,</strong></span> <span class='ocrx_word' id='word_1_339' title='bbox 1664 4529 1744 4574; x_wconf 88' lang='lat' dir='ltr'><strong>avus</strong></span> 
     </span>
     <span class='ocr_line' id='line_1_36' title="bbox 239 4598 864 4684; baseline -0.01 -19"><span class='ocrx_word' id='word_1_340' title='bbox 239 4601 378 4684; x_wconf 79' lang='lat' dir='ltr'><strong>predicti</strong></span> <span class='ocrx_word' id='word_1_341' title='bbox 395 4600 556 4678; x_wconf 81' lang='lat' dir='ltr'><strong>Gervasii,</strong></span> <span class='ocrx_word' id='word_1_342' title='bbox 574 4598 737 4681; x_wconf 83' lang='lat' dir='ltr'><strong>quondam</strong></span> <span class='ocrx_word' id='word_1_343' title='bbox 755 4600 864 4661; x_wconf 80' lang='lat' dir='ltr'><strong>tenuit</strong></span> 
     </span>
    </p>
   </div>
   <div class='ocr_carea' id='block_1_17' title="bbox 236 4731 1742 5082">
    <p class='ocr_par' dir='ltr' id='par_1_19' title="bbox 236 4731 1742 5010">
     <span class='ocr_line' id='line_1_37' title="bbox 280 4731 1742 4819; baseline 0 -20"><span class='ocrx_word' id='word_1_344' title='bbox 280 4737 326 4801; x_wconf 89' lang='lat' dir='ltr'><strong>De</strong></span> <span class='ocrx_word' id='word_1_345' title='bbox 342 4737 470 4800; x_wconf 78' lang='lat' dir='ltr'><strong>Andree</strong></span> <span class='ocrx_word' id='word_1_346' title='bbox 494 4735 636 4798; x_wconf 82' lang='lat' dir='ltr'><strong>Loterell</strong></span> <span class='ocrx_word' id='word_1_347' title='bbox 663 4757 719 4818; x_wconf 89' lang='lat' dir='ltr'><strong>pro</strong></span> <span class='ocrx_word' id='word_1_348' title='bbox 746 4735 902 4797; x_wconf 79' lang='lat' dir='ltr'><strong>vicesima</strong></span> <span class='ocrx_word' id='word_1_349' title='bbox 929 4737 1020 4817; x_wconf 82' lang='lat' dir='ltr'><strong>perte</strong></span> <span class='ocrx_word' id='word_1_350' title='bbox 1043 4734 1067 4819; x_wconf 86' lang='lat' dir='ltr'><strong>j.</strong></span> <span class='ocrx_word' id='word_1_351' title='bbox 1086 4734 1107 4796; x_wconf 89' lang='lat' dir='ltr'><strong>f.</strong></span> <span class='ocrx_word' id='word_1_352' title='bbox 1134 4733 1167 4794; x_wconf 90' lang='lat' dir='ltr'><strong>in</strong></span> <span class='ocrx_word' id='word_1_353' title='bbox 1196 4731 1409 4810; x_wconf 76' lang='lat' dir='ltr'><strong>Gsusnsrou,</strong></span> <span class='ocrx_word' id='word_1_354' title='bbox 1439 4753 1502 4816; x_wconf 89' lang='lat' dir='ltr'><strong>que</strong></span> <span class='ocrx_word' id='word_1_355' title='bbox 1529 4737 1578 4796; x_wconf 84' lang='lat' dir='ltr'><strong>est</strong></span> <span class='ocrx_word' id='word_1_356' title='bbox 1602 4736 1742 4815; x_wconf 80' lang='lat' dir='ltr'><strong>parcella</strong></span> 
     </span>
     <span class='ocr_line' id='line_1_38' title="bbox 237 4820 1741 4906; baseline -0.001 -19"><span class='ocrx_word' id='word_1_357' title='bbox 237 4827 371 4888; x_wconf 85' lang='lat' dir='ltr'><strong>manerii</strong></span> <span class='ocrx_word' id='word_1_358' title='bbox 394 4825 434 4887; x_wconf 93' lang='lat' dir='ltr'><strong>de</strong></span> <span class='ocrx_word' id='word_1_359' title='bbox 465 4823 574 4900; x_wconf 86' lang='lat' dir='ltr'><strong>Holm,</strong></span> <span class='ocrx_word' id='word_1_360' title='bbox 598 4823 638 4886; x_wconf 90' lang='lat' dir='ltr'><strong>de</strong></span> <span class='ocrx_word' id='word_1_361' title='bbox 663 4823 720 4884; x_wconf 87' lang='lat' dir='ltr'><strong>illo</strong></span> <span class='ocrx_word' id='word_1_362' title='bbox 745 4822 849 4900; x_wconf 86' lang='lat' dir='ltr'><strong>feodo,</strong></span> <span class='ocrx_word' id='word_1_363' title='bbox 874 4821 962 4906; x_wconf 92' lang='lat' dir='ltr'><strong>quod</strong></span> <span class='ocrx_word' id='word_1_364' title='bbox 989 4822 1184 4904; x_wconf 86' lang='lat' dir='ltr'><strong>supponitur</strong></span> <span class='ocrx_word' id='word_1_365' title='bbox 1212 4821 1246 4882; x_wconf 93' lang='lat' dir='ltr'><strong>in</strong></span> <span class='ocrx_word' id='word_1_366' title='bbox 1274 4820 1452 4882; x_wconf 88' lang='lat' dir='ltr'><strong>evidenciis</strong></span> <span class='ocrx_word' id='word_1_367' title='bbox 1477 4822 1629 4882; x_wconf 80' lang='lat' dir='ltr'><strong>scecoerii</strong></span> <span class='ocrx_word' id='word_1_368' title='bbox 1655 4823 1741 4904; x_wconf 93' lang='lat' dir='ltr'><strong>quod</strong></span> 
     </span>
     <span class='ocr_line' id='line_1_39' title="bbox 236 4907 1692 5010; baseline -0.002 -37"><span class='ocrx_word' id='word_1_369' title='bbox 236 4911 373 4975; x_wconf 77' lang='lat' dir='ltr'><strong>Thomas</strong></span> <span class='ocrx_word' id='word_1_370' title='bbox 387 4911 427 4975; x_wconf 90' lang='lat' dir='ltr'><strong>de</strong></span> <span class='ocrx_word' id='word_1_371' title='bbox 443 4907 614 4974; x_wconf 81' lang='lat' dir='ltr'><strong>Cherrorth</strong></span> <span class='ocrx_word' id='word_1_372' title='bbox 629 4910 792 4992; x_wconf 88' lang='lat' dir='ltr'><strong>quondam</strong></span> <span class='ocrx_word' id='word_1_373' title='bbox 808 4911 917 4972; x_wconf 89' lang='lat' dir='ltr'><strong>tenuit</strong></span> <span class='ocrx_word' id='word_1_374' title='bbox 933 4929 990 4991; x_wconf 90' lang='lat' dir='ltr'><strong>per</strong></span> <span class='ocrx_word' id='word_1_375' title='bbox 1006 4909 1100 4971; x_wconf 85' lang='lat' dir='ltr'><strong>breve</strong></span> <span class='ocrx_word' id='word_1_376' title='bbox 1115 4912 1149 4970; x_wconf 88' lang='lat' dir='ltr'><strong>et</strong></span> <span class='ocrx_word' id='word_1_377' title='bbox 1164 4907 1415 4991; x_wconf 88' lang='lat' dir='ltr'><strong>inquisicionem</strong></span> <span class='ocrx_word' id='word_1_378' title='bbox 1431 4907 1538 4970; x_wconf 86' lang='lat' dir='ltr'><strong>eidem</strong></span> <span class='ocrx_word' id='word_1_379' title='bbox 1553 4915 1692 5010; x_wconf 65' lang='lat' dir='ltr'><strong>consutq</strong></span> 
     </span>
    </p>

    <p class='ocr_par' dir='ltr' id='par_1_20' title="bbox 1669 5018 1740 5082">
     <span class='ocr_line' id='line_1_40' title="bbox 1669 5018 1740 5082; baseline 0.028 -23"><span class='ocrx_word' id='word_1_380' title='bbox 1669 5018 1740 5082; x_wconf 62' lang='lat' dir='ltr'><strong>ipe.</strong></span> 
     </span>
    </p>
   </div>
   <div class='ocr_carea' id='block_1_18' title="bbox 236 5105 1743 5281">
    <p class='ocr_par' dir='ltr' id='par_1_21' title="bbox 236 5105 1743 5281">
     <span class='ocr_line' id='line_1_41' title="bbox 278 5105 1743 5191; baseline 0 -21"><span class='ocrx_word' id='word_1_381' title='bbox 278 5110 325 5174; x_wconf 89' lang='lat' dir='ltr'><strong>De</strong></span> <span class='ocrx_word' id='word_1_382' title='bbox 353 5109 524 5173; x_wconf 88' lang='lat' dir='ltr'><strong>Edmundo</strong></span> <span class='ocrx_word' id='word_1_383' title='bbox 550 5109 591 5171; x_wconf 93' lang='lat' dir='ltr'><strong>de</strong></span> <span class='ocrx_word' id='word_1_384' title='bbox 615 5108 776 5190; x_wconf 84' lang='lat' dir='ltr'><strong>Pirpcunt</strong></span> <span class='ocrx_word' id='word_1_385' title='bbox 791 5127 849 5191; x_wconf 86' lang='lat' dir='ltr'><strong>pro</strong></span> <span class='ocrx_word' id='word_1_386' title='bbox 864 5108 909 5172; x_wconf 90' lang='lat' dir='ltr'><strong>di.</strong></span> <span class='ocrx_word' id='word_1_387' title='bbox 928 5107 949 5171; x_wconf 82' lang='lat' dir='ltr'><strong>f.</strong></span> <span class='ocrx_word' id='word_1_388' title='bbox 966 5108 1001 5170; x_wconf 92' lang='lat' dir='ltr'><strong>in</strong></span> <span class='ocrx_word' id='word_1_389' title='bbox 1017 5107 1161 5169; x_wconf 86' lang='lat' dir='ltr'><strong>manerio</strong></span> <span class='ocrx_word' id='word_1_390' title='bbox 1179 5106 1220 5168; x_wconf 93' lang='lat' dir='ltr'><strong>de</strong></span> <span class='ocrx_word' id='word_1_391' title='bbox 1237 5105 1339 5172; x_wconf 81' lang='lat' dir='ltr'><strong>Hornr</strong></span> <span class='ocrx_word' id='word_1_392' title='bbox 1355 5105 1396 5170; x_wconf 89' lang='lat' dir='ltr'><strong>de</strong></span> <span class='ocrx_word' id='word_1_393' title='bbox 1412 5105 1505 5170; x_wconf 89' lang='lat' dir='ltr'><strong>feodo</strong></span> <span class='ocrx_word' id='word_1_394' title='bbox 1521 5105 1668 5189; x_wconf 85' lang='lat' dir='ltr'><strong>predicto</strong></span> <span class='ocrx_word' id='word_1_395' title='bbox 1684 5127 1743 5189; x_wconf 88' lang='lat' dir='ltr'><strong>per</strong></span> 
     </span>
     <span class='ocr_line' id='line_1_42' title="bbox 236 5195 1742 5281; baseline 0.001 -23"><span class='ocrx_word' id='word_1_396' title='bbox 236 5195 329 5261; x_wconf 87' lang='lat' dir='ltr'><strong>breve</strong></span> <span class='ocrx_word' id='word_1_397' title='bbox 343 5207 379 5261; x_wconf 91' lang='lat' dir='ltr'><strong>et</strong></span> <span class='ocrx_word' id='word_1_398' title='bbox 392 5197 642 5281; x_wconf 88' lang='lat' dir='ltr'><strong>inquisicionem</strong></span> <span class='ocrx_word' id='word_1_399' title='bbox 657 5196 803 5279; x_wconf 84' lang='lat' dir='ltr'><strong>predicta</strong></span> <span class='ocrx_word' id='word_1_400' title='bbox 842 5231 1565 5244; x_wconf 89' lang='lat'><strong><em>········</em></strong></span> <span class='ocrx_word' id='word_1_401' title='bbox 1656 5214 1742 5260; x_wconf 57' lang='lat' dir='ltr'><strong>xxc.</strong></span> 
     </span>
    </p>
   </div>
   <div class='ocr_carea' id='block_1_19' title="bbox 232 5327 1742 5502">
    <p class='ocr_par' dir='ltr' id='par_1_22' title="bbox 232 5327 1742 5502">
     <span class='ocr_line' id='line_1_43' title="bbox 277 5327 1742 5416; baseline 0 -21"><span class='ocrx_word' id='word_1_402' title='bbox 277 5333 325 5399; x_wconf 89' lang='lat' dir='ltr'><strong>De</strong></span> <span class='ocrx_word' id='word_1_403' title='bbox 348 5333 489 5398; x_wconf 80' lang='lat' dir='ltr'><strong>Ricardo</strong></span> <span class='ocrx_word' id='word_1_404' title='bbox 514 5332 555 5395; x_wconf 88' lang='lat' dir='ltr'><strong>de</strong></span> <span class='ocrx_word' id='word_1_405' title='bbox 580 5330 738 5415; x_wconf 84' lang='lat' dir='ltr'><strong>Strelleye</strong></span> <span class='ocrx_word' id='word_1_406' title='bbox 766 5353 823 5416; x_wconf 92' lang='lat' dir='ltr'><strong>pro</strong></span> <span class='ocrx_word' id='word_1_407' title='bbox 845 5336 959 5394; x_wconf 79' lang='lat' dir='ltr'><strong>octava</strong></span> <span class='ocrx_word' id='word_1_408' title='bbox 984 5335 1076 5415; x_wconf 81' lang='lat' dir='ltr'><strong>perte</strong></span> <span class='ocrx_word' id='word_1_409' title='bbox 1092 5327 1239 5413; x_wconf 86' lang='lat' dir='ltr'><strong>ejusdem</strong></span> <span class='ocrx_word' id='word_1_410' title='bbox 1256 5328 1342 5392; x_wconf 86' lang='lat' dir='ltr'><strong>feodi</strong></span> <span class='ocrx_word' id='word_1_411' title='bbox 1360 5331 1392 5390; x_wconf 92' lang='lat' dir='ltr'><strong>in</strong></span> <span class='ocrx_word' id='word_1_412' title='bbox 1409 5330 1596 5405; x_wconf 69' lang='lat' dir='ltr'><strong>Aesonios,</strong></span> <span class='ocrx_word' id='word_1_413' title='bbox 1613 5349 1675 5410; x_wconf 87' lang='lat' dir='ltr'><strong>que</strong></span> <span class='ocrx_word' id='word_1_414' title='bbox 1692 5337 1742 5394; x_wconf 84' lang='lat' dir='ltr'><strong>est</strong></span> 
     </span>
     <span class='ocr_line' id='line_1_44' title="bbox 232 5415 1740 5502; baseline 0 -20"><span class='ocrx_word' id='word_1_415' title='bbox 232 5422 371 5500; x_wconf 76' lang='lat' dir='ltr'><strong>parcella</strong></span> <span class='ocrx_word' id='word_1_416' title='bbox 385 5420 468 5484; x_wconf 91' lang='lat' dir='ltr'><strong>dicti</strong></span> <span class='ocrx_word' id='word_1_417' title='bbox 482 5420 620 5482; x_wconf 69' lang='lat' dir='ltr'><strong>manerii</strong></span> <span class='ocrx_word' id='word_1_418' title='bbox 635 5418 676 5482; x_wconf 90' lang='lat' dir='ltr'><strong>de</strong></span> <span class='ocrx_word' id='word_1_419' title='bbox 692 5419 793 5482; x_wconf 86' lang='lat' dir='ltr'><strong>Holm</strong></span> <span class='ocrx_word' id='word_1_420' title='bbox 808 5439 864 5502; x_wconf 88' lang='lat' dir='ltr'><strong>per</strong></span> <span class='ocrx_word' id='word_1_421' title='bbox 880 5417 977 5481; x_wconf 85' lang='lat' dir='ltr'><strong>breve</strong></span> <span class='ocrx_word' id='word_1_422' title='bbox 991 5423 1025 5482; x_wconf 84' lang='lat' dir='ltr'><strong>et</strong></span> <span class='ocrx_word' id='word_1_423' title='bbox 1040 5415 1292 5500; x_wconf 87' lang='lat' dir='ltr'><strong>inquisicionem</strong></span> <span class='ocrx_word' id='word_1_424' title='bbox 1306 5415 1483 5498; x_wconf 83' lang='lat' dir='ltr'><strong>predicte·</strong></span> <span class='ocrx_word' id='word_1_425' title='bbox 1573 5454 1584 5465; x_wconf 92' lang='lat'><em>·</em></span> <span class='ocrx_word' id='word_1_426' title='bbox 1675 5437 1740 5483; x_wconf 71' lang='lat' dir='ltr'><strong>ue.</strong></span> 
     </span>
    </p>
   </div>
   <div class='ocr_carea' id='block_1_20' title="bbox 0 0 2064 6209">
    <p class='ocr_par' dir='ltr' id='par_1_23' title="bbox 0 0 2064 6209">
     <span class='ocr_line' id='line_1_45' title="bbox 0 0 2064 6209; baseline 0 3"><span class='ocrx_word' id='word_1_427' title='bbox 0 0 2064 6209; x_wconf 95' lang='lat' dir='ltr'><strong> </strong></span> 
     </span>
    </p>
   </div>
  </div>
 </body>
</html>
