<?xml version="1.0" encoding="UTF-8"?>
<!DOCTYPE html PUBLIC "-//W3C//DTD XHTML 1.0 Transitional//EN"
    "http://www.w3.org/TR/xhtml1/DTD/xhtml1-transitional.dtd">
<html xmlns="http://www.w3.org/1999/xhtml" xml:lang="en" lang="en">
 <head>
  <title>
</title>
<meta http-equiv="Content-Type" content="text/html;charset=utf-8" />
  <meta name='ocr-system' content='tesseract 3.04.00' />
  <meta name='ocr-capabilities' content='ocr_page ocr_carea ocr_par ocr_line ocrx_word'/>
</head>
<body>
  <div class='ocr_page' id='page_1' title='image "./inquisitionsand02offigoog/inquisitionsand02offigoog_0029.png"; bbox 0 0 4117 6209; ppageno 0'>
   <div class='ocr_carea' id='block_1_1' title="bbox 888 651 1756 739">
    <p class='ocr_par' dir='ltr' id='par_1_1' title="bbox 888 651 1756 739">
     <span class='ocr_line' id='line_1_1' title="bbox 888 651 1756 739; baseline -0.002 -21"><span class='ocrx_word' id='word_1_1' title='bbox 888 651 985 739; x_wconf 67' lang='lat' dir='ltr'>[nn.</span> <span class='ocrx_word' id='word_1_2' title='bbox 1010 652 1121 739; x_wconf 70' lang='lat' dir='ltr'>mec]</span> <span class='ocrx_word' id='word_1_3' title='bbox 1716 656 1756 717; x_wconf 81' lang='lat'>13</span> 
     </span>
    </p>
   </div>
   <div class='ocr_carea' id='block_1_2' title="bbox 248 931 1753 1109">
    <p class='ocr_par' dir='ltr' id='par_1_2' title="bbox 248 931 1753 1109">
     <span class='ocr_line' id='line_1_2' title="bbox 291 931 1753 1025; baseline 0.006 -31"><span class='ocrx_word' id='word_1_4' title='bbox 291 931 467 999; x_wconf 84' lang='lat' dir='ltr'>Nioholnue</span> <span class='ocrx_word' id='word_1_5' title='bbox 495 937 536 1002; x_wconf 91' lang='lat' dir='ltr'>de</span> <span class='ocrx_word' id='word_1_6' title='bbox 566 938 715 1024; x_wconf 83' lang='lat' dir='ltr'>Segrave‚</span> <span class='ocrx_word' id='word_1_7' title='bbox 741 941 863 1025; x_wconf 86' lang='lat' dir='ltr'>junior,</span> <span class='ocrx_word' id='word_1_8' title='bbox 893 947 984 1006; x_wconf 82' lang='lat' dir='ltr'>tenet</span> <span class='ocrx_word' id='word_1_9' title='bbox 1014 962 1112 1005; x_wconf 84' lang='lat' dir='ltr'>unam</span> <span class='ocrx_word' id='word_1_10' title='bbox 1142 950 1327 1006; x_wconf 70' lang='lat' dir='ltr'>carucatam</span> <span class='ocrx_word' id='word_1_11' title='bbox 1357 946 1443 1006; x_wconf 88' lang='lat' dir='ltr'>terre</span> <span class='ocrx_word' id='word_1_12' title='bbox 1472 943 1508 1004; x_wconf 93' lang='lat' dir='ltr'>in</span> <span class='ocrx_word' id='word_1_13' title='bbox 1547 942 1682 1007; x_wconf 74' lang='lat' dir='ltr'>Bnnron</span> <span class='ocrx_word' id='word_1_14' title='bbox 1713 941 1753 1004; x_wconf 91' lang='lat' dir='ltr'>de</span> 
     </span>
     <span class='ocr_line' id='line_1_3' title="bbox 248 1017 1203 1109; baseline 0.015 -28"><span class='ocrx_word' id='word_1_15' title='bbox 248 1017 405 1085; x_wconf 89' lang='lat' dir='ltr'>Nicholao</span> <span class='ocrx_word' id='word_1_16' title='bbox 420 1023 459 1085; x_wconf 91' lang='lat' dir='ltr'>de</span> <span class='ocrx_word' id='word_1_17' title='bbox 475 1023 628 1109; x_wconf 84' lang='lat' dir='ltr'>Segreve,</span> <span class='ocrx_word' id='word_1_18' title='bbox 643 1029 778 1108; x_wconf 87' lang='lat' dir='ltr'>seniore,</span> <span class='ocrx_word' id='word_1_19' title='bbox 794 1029 850 1093; x_wconf 85' lang='lat' dir='ltr'>sed</span> <span class='ocrx_word' id='word_1_20' title='bbox 865 1049 930 1092; x_wconf 91' lang='lat' dir='ltr'>nou</span> <span class='ocrx_word' id='word_1_21' title='bbox 945 1029 985 1093; x_wconf 91' lang='lat' dir='ltr'>fit</span> <span class='ocrx_word' id='word_1_22' title='bbox 999 1032 1126 1093; x_wconf 81' lang='lat' dir='ltr'>mencio</span> <span class='ocrx_word' id='word_1_23' title='bbox 1140 1037 1203 1095; x_wconf 87' lang='lat' dir='ltr'>etc.</span> 
     </span>
    </p>
   </div>
   <div class='ocr_carea' id='block_1_3' title="bbox 251 1157 1754 1415">
    <p class='ocr_par' dir='ltr' id='par_1_3' title="bbox 251 1157 1754 1415">
     <span class='ocr_line' id='line_1_4' title="bbox 292 1157 1754 1250; baseline 0.003 -28"><span class='ocrx_word' id='word_1_24' title='bbox 292 1157 713 1228; x_wconf 68' lang='lat' dir='ltr'>tenesmum-Persona</span> <span class='ocrx_word' id='word_1_25' title='bbox 734 1165 776 1228; x_wconf 90' lang='lat' dir='ltr'>dc</span> <span class='ocrx_word' id='word_1_26' title='bbox 798 1166 957 1249; x_wconf 84' lang='lat' dir='ltr'>Trepston</span> <span class='ocrx_word' id='word_1_27' title='bbox 979 1171 1072 1229; x_wconf 89' lang='lat' dir='ltr'>tenet</span> <span class='ocrx_word' id='word_1_28' title='bbox 1093 1169 1129 1229; x_wconf 89' lang='lat' dir='ltr'>in</span> <span class='ocrx_word' id='word_1_29' title='bbox 1152 1165 1230 1229; x_wconf 87' lang='lat' dir='ltr'>ville</span> <span class='ocrx_word' id='word_1_30' title='bbox 1251 1167 1292 1229; x_wconf 90' lang='lat' dir='ltr'>de</span> <span class='ocrx_word' id='word_1_31' title='bbox 1314 1169 1540 1231; x_wconf 79' lang='lat' dir='ltr'>Aunnwmcnn</span> <span class='ocrx_word' id='word_1_32' title='bbox 1563 1167 1587 1250; x_wconf 87' lang='lat' dir='ltr'>j.</span> <span class='ocrx_word' id='word_1_33' title='bbox 1605 1164 1628 1230; x_wconf 80' lang='lat' dir='ltr'>f.</span> <span class='ocrx_word' id='word_1_34' title='bbox 1645 1186 1691 1230; x_wconf 90' lang='lat' dir='ltr'>m.</span> <span class='ocrx_word' id='word_1_35' title='bbox 1714 1166 1754 1228; x_wconf 84' lang='lat' dir='ltr'>de</span> 
     </span>
     <span class='ocr_line' id='line_1_5' title="bbox 251 1242 1754 1346; baseline 0.008 -42"><span class='ocrx_word' id='word_1_36' title='bbox 251 1242 432 1346; x_wconf 79' lang='lat' dir='ltr'>Reginaldo</span> <span class='ocrx_word' id='word_1_37' title='bbox 446 1248 487 1312; x_wconf 94' lang='lat' dir='ltr'>de</span> <span class='ocrx_word' id='word_1_38' title='bbox 503 1250 684 1329; x_wconf 82' lang='lat' dir='ltr'>Wctervill,</span> <span class='ocrx_word' id='word_1_39' title='bbox 699 1254 787 1315; x_wconf 89' lang='lat' dir='ltr'>idem</span> <span class='ocrx_word' id='word_1_40' title='bbox 803 1254 1006 1338; x_wconf 85' lang='lat' dir='ltr'>Regineldus</span> <span class='ocrx_word' id='word_1_41' title='bbox 1022 1254 1062 1317; x_wconf 88' lang='lat' dir='ltr'>de</span> <span class='ocrx_word' id='word_1_42' title='bbox 1077 1254 1196 1317; x_wconf 78' lang='lat' dir='ltr'>abbate</span> <span class='ocrx_word' id='word_1_43' title='bbox 1211 1254 1252 1316; x_wconf 91' lang='lat' dir='ltr'>dc</span> <span class='ocrx_word' id='word_1_44' title='bbox 1267 1254 1388 1337; x_wconf 87' lang='lat' dir='ltr'>Burgo,</span> <span class='ocrx_word' id='word_1_45' title='bbox 1414 1260 1448 1317; x_wconf 87' lang='lat' dir='ltr'>ct</span> <span class='ocrx_word' id='word_1_46' title='bbox 1473 1254 1562 1316; x_wconf 91' lang='lat' dir='ltr'>idem</span> <span class='ocrx_word' id='word_1_47' title='bbox 1589 1252 1690 1316; x_wconf 83' lang='lat' dir='ltr'>ebbae</span> <span class='ocrx_word' id='word_1_48' title='bbox 1713 1252 1754 1316; x_wconf 90' lang='lat' dir='ltr'>de</span> 
     </span>
     <span class='ocr_line' id='line_1_6' title="bbox 251 1350 398 1415; baseline 0.041 -23"><span class='ocrx_word' id='word_1_49' title='bbox 251 1350 330 1415; x_wconf 84' lang='lat' dir='ltr'>rege</span> <span class='ocrx_word' id='word_1_50' title='bbox 346 1352 398 1398; x_wconf 91' lang='lat' dir='ltr'>r.c.</span> 
     </span>
    </p>
   </div>
   <div class='ocr_carea' id='block_1_4' title="bbox 251 1458 1756 1635">
    <p class='ocr_par' dir='ltr' id='par_1_4' title="bbox 251 1458 1756 1635">
     <span class='ocr_line' id='line_1_7' title="bbox 295 1458 1756 1546; baseline 0.003 -26"><span class='ocrx_word' id='word_1_51' title='bbox 295 1458 453 1525; x_wconf 87' lang='lat' dir='ltr'>chricue</span> <span class='ocrx_word' id='word_1_52' title='bbox 468 1462 509 1526; x_wconf 91' lang='lat' dir='ltr'>de</span> <span class='ocrx_word' id='word_1_53' title='bbox 523 1462 733 1527; x_wconf 85' lang='lat' dir='ltr'>Audewinclc</span> <span class='ocrx_word' id='word_1_54' title='bbox 748 1467 841 1525; x_wconf 90' lang='lat' dir='ltr'>tenet</span> <span class='ocrx_word' id='word_1_55' title='bbox 856 1464 890 1525; x_wconf 92' lang='lat' dir='ltr'>in</span> <span class='ocrx_word' id='word_1_56' title='bbox 916 1464 1029 1526; x_wconf 87' lang='lat' dir='ltr'>eedem</span> <span class='ocrx_word' id='word_1_57' title='bbox 1058 1464 1103 1528; x_wconf 91' lang='lat' dir='ltr'>di.</span> <span class='ocrx_word' id='word_1_58' title='bbox 1121 1464 1144 1528; x_wconf 82' lang='lat' dir='ltr'>f.</span> <span class='ocrx_word' id='word_1_59' title='bbox 1161 1485 1206 1528; x_wconf 91' lang='lat' dir='ltr'>m.</span> <span class='ocrx_word' id='word_1_60' title='bbox 1222 1464 1262 1527; x_wconf 92' lang='lat' dir='ltr'>de</span> <span class='ocrx_word' id='word_1_61' title='bbox 1289 1462 1407 1527; x_wconf 82' lang='lat' dir='ltr'>herede</span> <span class='ocrx_word' id='word_1_62' title='bbox 1430 1462 1471 1527; x_wconf 91' lang='lat' dir='ltr'>de</span> <span class='ocrx_word' id='word_1_63' title='bbox 1496 1461 1696 1546; x_wconf 83' lang='lat' dir='ltr'>Breybroke,</span> <span class='ocrx_word' id='word_1_64' title='bbox 1721 1470 1756 1525; x_wconf 85' lang='lat' dir='ltr'>et</span> 
     </span>
     <span class='ocr_line' id='line_1_8' title="bbox 251 1545 713 1635; baseline 0.017 -27"><span class='ocrx_word' id='word_1_65' title='bbox 251 1545 353 1609; x_wconf 88' lang='lat' dir='ltr'>iidem</span> <span class='ocrx_word' id='word_1_66' title='bbox 369 1548 501 1613; x_wconf 89' lang='lat' dir='ltr'>heredes</span> <span class='ocrx_word' id='word_1_67' title='bbox 516 1551 557 1614; x_wconf 92' lang='lat' dir='ltr'>de</span> <span class='ocrx_word' id='word_1_68' title='bbox 572 1572 646 1635; x_wconf 85' lang='lat' dir='ltr'>rege</span> <span class='ocrx_word' id='word_1_69' title='bbox 661 1553 713 1616; x_wconf 93' lang='lat' dir='ltr'>i.c.</span> 
     </span>
    </p>
   </div>
   <div class='ocr_carea' id='block_1_5' title="bbox 251 1683 1753 1859">
    <p class='ocr_par' dir='ltr' id='par_1_5' title="bbox 251 1683 1753 1859">
     <span class='ocr_line' id='line_1_9' title="bbox 295 1683 1753 1773; baseline 0.003 -28"><span class='ocrx_word' id='word_1_70' title='bbox 295 1683 478 1750; x_wconf 85' lang='lat' dir='ltr'>Willelmue</span> <span class='ocrx_word' id='word_1_71' title='bbox 504 1688 544 1751; x_wconf 90' lang='lat' dir='ltr'>de</span> <span class='ocrx_word' id='word_1_72' title='bbox 568 1688 599 1752; x_wconf 82' lang='lat' dir='ltr'>le</span> <span class='ocrx_word' id='word_1_73' title='bbox 627 1686 749 1752; x_wconf 87' lang='lat' dir='ltr'>Susche</span> <span class='ocrx_word' id='word_1_74' title='bbox 773 1693 866 1752; x_wconf 88' lang='lat' dir='ltr'>tenet</span> <span class='ocrx_word' id='word_1_75' title='bbox 893 1690 927 1751; x_wconf 93' lang='lat' dir='ltr'>in</span> <span class='ocrx_word' id='word_1_76' title='bbox 951 1689 1066 1751; x_wconf 84' lang='lat' dir='ltr'>ecdem</span> <span class='ocrx_word' id='word_1_77' title='bbox 1092 1689 1117 1773; x_wconf 89' lang='lat' dir='ltr'>j.</span> <span class='ocrx_word' id='word_1_78' title='bbox 1133 1688 1155 1753; x_wconf 89' lang='lat' dir='ltr'>f.</span> <span class='ocrx_word' id='word_1_79' title='bbox 1172 1711 1216 1754; x_wconf 91' lang='lat' dir='ltr'>m.</span> <span class='ocrx_word' id='word_1_80' title='bbox 1233 1688 1274 1751; x_wconf 90' lang='lat' dir='ltr'>de</span> <span class='ocrx_word' id='word_1_81' title='bbox 1296 1688 1438 1753; x_wconf 83' lang='lat' dir='ltr'>Roberto</span> <span class='ocrx_word' id='word_1_82' title='bbox 1459 1689 1501 1751; x_wconf 91' lang='lat' dir='ltr'>de</span> <span class='ocrx_word' id='word_1_83' title='bbox 1524 1688 1599 1768; x_wconf 87' lang='lat' dir='ltr'>Ros,</span> <span class='ocrx_word' id='word_1_84' title='bbox 1617 1693 1651 1751; x_wconf 90' lang='lat' dir='ltr'>et</span> <span class='ocrx_word' id='word_1_85' title='bbox 1666 1687 1753 1750; x_wconf 87' lang='lat' dir='ltr'>idem</span> 
     </span>
     <span class='ocr_line' id='line_1_10' title="bbox 251 1770 628 1859; baseline 0.016 -25"><span class='ocrx_word' id='word_1_86' title='bbox 251 1770 411 1836; x_wconf 84' lang='lat' dir='ltr'>Robertus</span> <span class='ocrx_word' id='word_1_87' title='bbox 428 1775 469 1837; x_wconf 90' lang='lat' dir='ltr'>de</span> <span class='ocrx_word' id='word_1_88' title='bbox 485 1796 559 1859; x_wconf 86' lang='lat' dir='ltr'>rege</span> <span class='ocrx_word' id='word_1_89' title='bbox 575 1778 628 1841; x_wconf 77' lang='lat' dir='ltr'>ic.</span> 
     </span>
    </p>
   </div>
   <div class='ocr_carea' id='block_1_6' title="bbox 251 1909 1754 2084">
    <p class='ocr_par' dir='ltr' id='par_1_6' title="bbox 251 1909 1754 2084">
     <span class='ocr_line' id='line_1_11' title="bbox 294 1909 1754 1979; baseline 0 -6"><span class='ocrx_word' id='word_1_90' title='bbox 294 1909 703 1977; x_wconf 69' lang='lat' dir='ltr'>Locrum-willelmus</span> <span class='ocrx_word' id='word_1_91' title='bbox 728 1912 767 1976; x_wconf 88' lang='lat' dir='ltr'>de</span> <span class='ocrx_word' id='word_1_92' title='bbox 792 1913 921 1976; x_wconf 86' lang='lat' dir='ltr'>Nowers</span> <span class='ocrx_word' id='word_1_93' title='bbox 947 1917 1042 1976; x_wconf 86' lang='lat' dir='ltr'>tenet</span> <span class='ocrx_word' id='word_1_94' title='bbox 1065 1913 1111 1977; x_wconf 88' lang='lat' dir='ltr'>di.</span> <span class='ocrx_word' id='word_1_95' title='bbox 1129 1912 1240 1975; x_wconf 87' lang='lat' dir='ltr'>hidam</span> <span class='ocrx_word' id='word_1_96' title='bbox 1264 1919 1350 1976; x_wconf 88' lang='lat' dir='ltr'>terre</span> <span class='ocrx_word' id='word_1_97' title='bbox 1376 1913 1505 1976; x_wconf 80' lang='lat' dir='ltr'>invilla</span> <span class='ocrx_word' id='word_1_98' title='bbox 1521 1911 1754 1979; x_wconf 71' lang='lat' dir='ltr'>dehowuude</span> 
     </span>
     <span class='ocr_line' id='line_1_12' title="bbox 251 1998 1089 2084; baseline 0.005 -26"><span class='ocrx_word' id='word_1_99' title='bbox 251 1999 370 2061; x_wconf 86' lang='lat' dir='ltr'>comite</span> <span class='ocrx_word' id='word_1_100' title='bbox 385 1998 601 2077; x_wconf 80' lang='lat' dir='ltr'>Gloucestrie,</span> <span class='ocrx_word' id='word_1_101' title='bbox 616 2008 650 2064; x_wconf 88' lang='lat' dir='ltr'>et</span> <span class='ocrx_word' id='word_1_102' title='bbox 664 2002 752 2063; x_wconf 89' lang='lat' dir='ltr'>idem</span> <span class='ocrx_word' id='word_1_103' title='bbox 768 2020 874 2064; x_wconf 85' lang='lat' dir='ltr'>comes</span> <span class='ocrx_word' id='word_1_104' title='bbox 889 2001 929 2063; x_wconf 91' lang='lat' dir='ltr'>de</span> <span class='ocrx_word' id='word_1_105' title='bbox 945 2021 1021 2084; x_wconf 85' lang='lat' dir='ltr'>rege</span> <span class='ocrx_word' id='word_1_106' title='bbox 1036 2002 1089 2064; x_wconf 90' lang='lat' dir='ltr'>i.c.</span> 
     </span>
    </p>
   </div>
   <div class='ocr_carea' id='block_1_7' title="bbox 253 2133 1754 2306">
    <p class='ocr_par' dir='ltr' id='par_1_7' title="bbox 253 2133 1754 2306">
     <span class='ocr_line' id='line_1_13' title="bbox 296 2133 1754 2215; baseline 0.001 -19"><span class='ocrx_word' id='word_1_107' title='bbox 296 2133 465 2213; x_wconf 84' lang='lat' dir='ltr'>Robertus,</span> <span class='ocrx_word' id='word_1_108' title='bbox 491 2137 578 2199; x_wconf 86' lang='lat' dir='ltr'>tilius</span> <span class='ocrx_word' id='word_1_109' title='bbox 606 2137 775 2215; x_wconf 88' lang='lat' dir='ltr'>Willclmi,</span> <span class='ocrx_word' id='word_1_110' title='bbox 799 2144 891 2201; x_wconf 88' lang='lat' dir='ltr'>tenet</span> <span class='ocrx_word' id='word_1_111' title='bbox 920 2139 955 2199; x_wconf 94' lang='lat' dir='ltr'>in</span> <span class='ocrx_word' id='word_1_112' title='bbox 986 2137 1146 2203; x_wconf 83' lang='lat' dir='ltr'>Louwnm</span> <span class='ocrx_word' id='word_1_113' title='bbox 1176 2137 1221 2201; x_wconf 91' lang='lat' dir='ltr'>di.</span> <span class='ocrx_word' id='word_1_114' title='bbox 1248 2136 1361 2201; x_wconf 85' lang='lat' dir='ltr'>hidem</span> <span class='ocrx_word' id='word_1_115' title='bbox 1392 2142 1477 2199; x_wconf 90' lang='lat' dir='ltr'>terre</span> <span class='ocrx_word' id='word_1_116' title='bbox 1507 2136 1547 2200; x_wconf 89' lang='lat' dir='ltr'>de</span> <span class='ocrx_word' id='word_1_117' title='bbox 1572 2136 1689 2201; x_wconf 81' lang='lat' dir='ltr'>abbate</span> <span class='ocrx_word' id='word_1_118' title='bbox 1715 2135 1754 2199; x_wconf 90' lang='lat' dir='ltr'>de</span> 
     </span>
     <span class='ocr_line' id='line_1_14' title="bbox 253 2220 907 2306; baseline 0.011 -24"><span class='ocrx_word' id='word_1_119' title='bbox 253 2220 428 2305; x_wconf 84' lang='lat' dir='ltr'>Thorneye‚</span> <span class='ocrx_word' id='word_1_120' title='bbox 445 2231 481 2286; x_wconf 90' lang='lat' dir='ltr'>et</span> <span class='ocrx_word' id='word_1_121' title='bbox 495 2224 582 2287; x_wconf 88' lang='lat' dir='ltr'>idem</span> <span class='ocrx_word' id='word_1_122' title='bbox 597 2224 695 2288; x_wconf 78' lang='lat' dir='ltr'>ebbae</span> <span class='ocrx_word' id='word_1_123' title='bbox 710 2226 749 2288; x_wconf 89' lang='lat' dir='ltr'>de</span> <span class='ocrx_word' id='word_1_124' title='bbox 764 2245 838 2306; x_wconf 86' lang='lat' dir='ltr'>rege</span> <span class='ocrx_word' id='word_1_125' title='bbox 856 2226 907 2289; x_wconf 87' lang='lat' dir='ltr'>i.c.</span> 
     </span>
    </p>
   </div>
   <div class='ocr_carea' id='block_1_8' title="bbox 253 2357 1754 2532">
    <p class='ocr_par' dir='ltr' id='par_1_8' title="bbox 253 2357 1754 2532">
     <span class='ocr_line' id='line_1_15' title="bbox 296 2357 1754 2443; baseline 0.003 -24"><span class='ocrx_word' id='word_1_126' title='bbox 296 2357 404 2443; x_wconf 82' lang='lat' dir='ltr'>lingo,</span> <span class='ocrx_word' id='word_1_127' title='bbox 417 2359 505 2423; x_wconf 85' lang='lat' dir='ltr'>tilius</span> <span class='ocrx_word' id='word_1_128' title='bbox 519 2360 626 2438; x_wconf 85' lang='lat' dir='ltr'>Alani,</span> <span class='ocrx_word' id='word_1_129' title='bbox 642 2368 734 2423; x_wconf 88' lang='lat' dir='ltr'>tenet</span> <span class='ocrx_word' id='word_1_130' title='bbox 748 2362 785 2423; x_wconf 92' lang='lat' dir='ltr'>in</span> <span class='ocrx_word' id='word_1_131' title='bbox 801 2362 913 2423; x_wconf 83' lang='lat' dir='ltr'>eadem</span> <span class='ocrx_word' id='word_1_132' title='bbox 938 2362 984 2424; x_wconf 91' lang='lat' dir='ltr'>di.</span> <span class='ocrx_word' id='word_1_133' title='bbox 1000 2360 1113 2424; x_wconf 87' lang='lat' dir='ltr'>hidem</span> <span class='ocrx_word' id='word_1_134' title='bbox 1140 2367 1223 2423; x_wconf 87' lang='lat' dir='ltr'>terre</span> <span class='ocrx_word' id='word_1_135' title='bbox 1250 2362 1289 2424; x_wconf 90' lang='lat' dir='ltr'>de</span> <span class='ocrx_word' id='word_1_136' title='bbox 1315 2359 1436 2425; x_wconf 90' lang='lat' dir='ltr'>honore</span> <span class='ocrx_word' id='word_1_137' title='bbox 1460 2360 1689 2423; x_wconf 88' lang='lat' dir='ltr'>Hnntindonie</span> <span class='ocrx_word' id='word_1_138' title='bbox 1715 2360 1754 2424; x_wconf 88' lang='lat' dir='ltr'>de</span> 
     </span>
     <span class='ocr_line' id='line_1_16' title="bbox 253 2443 1710 2532; baseline 0.003 -26"><span class='ocrx_word' id='word_1_139' title='bbox 253 2443 426 2511; x_wconf 79' lang='lat' dir='ltr'>heredibus</span> <span class='ocrx_word' id='word_1_140' title='bbox 440 2449 481 2510; x_wconf 90' lang='lat' dir='ltr'>de</span> <span class='ocrx_word' id='word_1_141' title='bbox 498 2447 670 2527; x_wconf 84' lang='lat' dir='ltr'>Deneford‚</span> <span class='ocrx_word' id='word_1_142' title='bbox 689 2454 724 2510; x_wconf 94' lang='lat' dir='ltr'>et</span> <span class='ocrx_word' id='word_1_143' title='bbox 737 2449 839 2510; x_wconf 89' lang='lat' dir='ltr'>iidem</span> <span class='ocrx_word' id='word_1_144' title='bbox 855 2448 895 2511; x_wconf 90' lang='lat' dir='ltr'>de</span> <span class='ocrx_word' id='word_1_145' title='bbox 912 2448 1055 2512; x_wconf 85' lang='lat' dir='ltr'>Roberto</span> <span class='ocrx_word' id='word_1_146' title='bbox 1070 2449 1111 2512; x_wconf 89' lang='lat' dir='ltr'>de</span> <span class='ocrx_word' id='word_1_147' title='bbox 1127 2447 1224 2527; x_wconf 88' lang='lat' dir='ltr'>Brue,</span> <span class='ocrx_word' id='word_1_148' title='bbox 1238 2458 1273 2512; x_wconf 91' lang='lat' dir='ltr'>et</span> <span class='ocrx_word' id='word_1_149' title='bbox 1288 2449 1374 2511; x_wconf 91' lang='lat' dir='ltr'>idem</span> <span class='ocrx_word' id='word_1_150' title='bbox 1391 2447 1554 2511; x_wconf 86' lang='lat' dir='ltr'>Robertue</span> <span class='ocrx_word' id='word_1_151' title='bbox 1569 2448 1608 2510; x_wconf 91' lang='lat' dir='ltr'>de</span> <span class='ocrx_word' id='word_1_152' title='bbox 1623 2468 1710 2532; x_wconf 84' lang='lat' dir='ltr'>rege.</span> 
     </span>
    </p>
   </div>
   <div class='ocr_carea' id='block_1_9' title="bbox 255 2582 1754 2756">
    <p class='ocr_par' dir='ltr' id='par_1_9' title="bbox 255 2582 1754 2756">
     <span class='ocr_line' id='line_1_17' title="bbox 296 2582 1754 2673; baseline 0.003 -27"><span class='ocrx_word' id='word_1_153' title='bbox 296 2582 747 2650; x_wconf 78' lang='lat' dir='ltr'>Lmnnssonn.—Willelmus</span> <span class='ocrx_word' id='word_1_154' title='bbox 769 2584 809 2647; x_wconf 94' lang='lat' dir='ltr'>de</span> <span class='ocrx_word' id='word_1_155' title='bbox 832 2585 959 2648; x_wconf 88' lang='lat' dir='ltr'>Mnrres</span> <span class='ocrx_word' id='word_1_156' title='bbox 976 2592 1068 2651; x_wconf 90' lang='lat' dir='ltr'>tenet</span> <span class='ocrx_word' id='word_1_157' title='bbox 1081 2588 1118 2650; x_wconf 93' lang='lat' dir='ltr'>in</span> <span class='ocrx_word' id='word_1_158' title='bbox 1134 2588 1346 2653; x_wconf 79' lang='lat' dir='ltr'>Lmnessonn</span> <span class='ocrx_word' id='word_1_159' title='bbox 1360 2588 1396 2673; x_wconf 85' lang='lat' dir='ltr'>ij.</span> <span class='ocrx_word' id='word_1_160' title='bbox 1413 2587 1435 2651; x_wconf 86' lang='lat' dir='ltr'>f.</span> <span class='ocrx_word' id='word_1_161' title='bbox 1451 2608 1497 2651; x_wconf 89' lang='lat' dir='ltr'>m.</span> <span class='ocrx_word' id='word_1_162' title='bbox 1512 2587 1551 2650; x_wconf 89' lang='lat' dir='ltr'>de</span> <span class='ocrx_word' id='word_1_163' title='bbox 1566 2587 1700 2650; x_wconf 84' lang='lat' dir='ltr'>dominc</span> <span class='ocrx_word' id='word_1_164' title='bbox 1715 2588 1754 2650; x_wconf 90' lang='lat' dir='ltr'>de</span> 
     </span>
     <span class='ocr_line' id='line_1_18' title="bbox 255 2668 970 2756; baseline 0.013 -27"><span class='ocrx_word' id='word_1_165' title='bbox 255 2668 381 2750; x_wconf 71' lang='lat' dir='ltr'>baillol,</span> <span class='ocrx_word' id='word_1_166' title='bbox 398 2679 432 2735; x_wconf 90' lang='lat' dir='ltr'>et</span> <span class='ocrx_word' id='word_1_167' title='bbox 447 2672 559 2736; x_wconf 83' lang='lat' dir='ltr'>eedem</span> <span class='ocrx_word' id='word_1_168' title='bbox 574 2672 614 2735; x_wconf 91' lang='lat' dir='ltr'>dc</span> <span class='ocrx_word' id='word_1_169' title='bbox 628 2692 705 2756; x_wconf 87' lang='lat' dir='ltr'>rege</span> <span class='ocrx_word' id='word_1_170' title='bbox 721 2673 855 2735; x_wconf 89' lang='lat' dir='ltr'>nomine</span> <span class='ocrx_word' id='word_1_171' title='bbox 871 2673 970 2739; x_wconf 86' lang='lat' dir='ltr'>dotis.</span> 
     </span>
    </p>
   </div>
   <div class='ocr_carea' id='block_1_10' title="bbox 252 2808 1783 3045">
    <p class='ocr_par' dir='ltr' id='par_1_10' title="bbox 252 2808 1783 3045">
     <span class='ocr_line' id='line_1_19' title="bbox 295 2808 1754 2898; baseline 0.001 -27"><span class='ocrx_word' id='word_1_172' title='bbox 295 2808 663 2893; x_wconf 60' lang='lat' dir='ltr'>Burrenum-nugo</span> <span class='ocrx_word' id='word_1_173' title='bbox 693 2811 733 2873; x_wconf 89' lang='lat' dir='ltr'>de</span> <span class='ocrx_word' id='word_1_174' title='bbox 764 2810 922 2894; x_wconf 85' lang='lat' dir='ltr'>Espenser</span> <span class='ocrx_word' id='word_1_175' title='bbox 955 2814 1026 2891; x_wconf 78' lang='lat' dir='ltr'>(sic)</span> <span class='ocrx_word' id='word_1_176' title='bbox 1060 2817 1153 2875; x_wconf 87' lang='lat' dir='ltr'>tenet</span> <span class='ocrx_word' id='word_1_177' title='bbox 1181 2812 1218 2898; x_wconf 81' lang='lat' dir='ltr'>ij.</span> <span class='ocrx_word' id='word_1_178' title='bbox 1249 2818 1356 2894; x_wconf 81' lang='lat' dir='ltr'>partes</span> <span class='ocrx_word' id='word_1_179' title='bbox 1386 2811 1573 2875; x_wconf 78' lang='lat' dir='ltr'>medietatis</span> <span class='ocrx_word' id='word_1_180' title='bbox 1602 2812 1679 2875; x_wconf 87' lang='lat' dir='ltr'>ville</span> <span class='ocrx_word' id='word_1_181' title='bbox 1714 2811 1754 2873; x_wconf 90' lang='lat' dir='ltr'>de</span> 
     </span>
     <span class='ocr_line' id='line_1_20' title="bbox 252 2894 1783 3045; baseline -0.001 -85"><span class='ocrx_word' id='word_1_182' title='bbox 252 2894 465 3045; x_wconf 42' lang='lat' dir='ltr'>{uenenum</span> <span class='ocrx_word' id='word_1_183' title='bbox 478 2898 519 2961; x_wconf 92' lang='lat' dir='ltr'>de</span> <span class='ocrx_word' id='word_1_184' title='bbox 534 2897 710 2961; x_wconf 83' lang='lat' dir='ltr'>heredibus</span> <span class='ocrx_word' id='word_1_185' title='bbox 724 2900 854 2961; x_wconf 86' lang='lat' dir='ltr'>comitis</span> <span class='ocrx_word' id='word_1_186' title='bbox 870 2900 910 2962; x_wconf 90' lang='lat' dir='ltr'>de</span> <span class='ocrx_word' id='word_1_187' title='bbox 928 2898 1069 2979; x_wconf 85' lang='lat' dir='ltr'>Ferrere,</span> <span class='ocrx_word' id='word_1_188' title='bbox 1084 2909 1119 2963; x_wconf 89' lang='lat' dir='ltr'>et</span> <span class='ocrx_word' id='word_1_189' title='bbox 1135 2900 1235 2962; x_wconf 91' lang='lat' dir='ltr'>iidem</span> <span class='ocrx_word' id='word_1_190' title='bbox 1251 2900 1291 2961; x_wconf 92' lang='lat' dir='ltr'>de</span> <span class='ocrx_word' id='word_1_191' title='bbox 1307 2919 1393 2983; x_wconf 79' lang='lat' dir='ltr'>rege,</span> <span class='ocrx_word' id='word_1_192' title='bbox 1408 2899 1464 2961; x_wconf 88' lang='lat' dir='ltr'>sed</span> <span class='ocrx_word' id='word_1_193' title='bbox 1479 2918 1544 2961; x_wconf 93' lang='lat' dir='ltr'>non</span> <span class='ocrx_word' id='word_1_194' title='bbox 1567 2899 1605 2961; x_wconf 89' lang='lat' dir='ltr'>fit</span> <span class='ocrx_word' id='word_1_195' title='bbox 1628 2900 1756 2962; x_wconf 83' lang='lat' dir='ltr'>mencio</span> <span class='ocrx_word' id='word_1_196' title='bbox 1775 2911 1783 2917; x_wconf 83' lang='lat'><strong>·</strong></span> 
     </span>
    </p>
   </div>
   <div class='ocr_carea' id='block_1_11' title="bbox 255 3094 1756 3266">
    <p class='ocr_par' dir='ltr' id='par_1_11' title="bbox 255 3094 1756 3266">
     <span class='ocr_line' id='line_1_21' title="bbox 294 3094 1756 3184; baseline 0.002 -26"><span class='ocrx_word' id='word_1_197' title='bbox 294 3094 458 3159; x_wconf 84' lang='lat' dir='ltr'>Johunncs</span> <span class='ocrx_word' id='word_1_198' title='bbox 479 3095 653 3159; x_wconf 89' lang='lat' dir='ltr'>Benmund</span> <span class='ocrx_word' id='word_1_199' title='bbox 676 3102 768 3159; x_wconf 89' lang='lat' dir='ltr'>tenet</span> <span class='ocrx_word' id='word_1_200' title='bbox 792 3098 928 3159; x_wconf 84' lang='lat' dir='ltr'>terciam</span> <span class='ocrx_word' id='word_1_201' title='bbox 956 3105 1085 3181; x_wconf 84' lang='lat' dir='ltr'>partem</span> <span class='ocrx_word' id='word_1_202' title='bbox 1107 3099 1133 3184; x_wconf 82' lang='lat' dir='ltr'>j.</span> <span class='ocrx_word' id='word_1_203' title='bbox 1150 3099 1175 3163; x_wconf 84' lang='lat' dir='ltr'>f.</span> <span class='ocrx_word' id='word_1_204' title='bbox 1192 3118 1237 3163; x_wconf 91' lang='lat' dir='ltr'>m.</span> <span class='ocrx_word' id='word_1_205' title='bbox 1252 3099 1287 3161; x_wconf 90' lang='lat' dir='ltr'>in</span> <span class='ocrx_word' id='word_1_206' title='bbox 1303 3099 1419 3161; x_wconf 81' lang='lat' dir='ltr'>eedem</span> <span class='ocrx_word' id='word_1_207' title='bbox 1435 3098 1512 3161; x_wconf 85' lang='lat' dir='ltr'>ville</span> <span class='ocrx_word' id='word_1_208' title='bbox 1527 3098 1568 3161; x_wconf 92' lang='lat' dir='ltr'>dc</span> <span class='ocrx_word' id='word_1_209' title='bbox 1584 3096 1756 3161; x_wconf 84' lang='lat' dir='ltr'>heredibus</span> 
     </span>
     <span class='ocr_line' id='line_1_22' title="bbox 255 3181 936 3266; baseline 0.01 -23"><span class='ocrx_word' id='word_1_210' title='bbox 255 3181 402 3266; x_wconf 85' lang='lat' dir='ltr'>Hngonie</span> <span class='ocrx_word' id='word_1_211' title='bbox 418 3183 459 3248; x_wconf 89' lang='lat' dir='ltr'>de</span> <span class='ocrx_word' id='word_1_212' title='bbox 475 3182 614 3264; x_wconf 88' lang='lat' dir='ltr'>Ferrere,</span> <span class='ocrx_word' id='word_1_213' title='bbox 630 3189 665 3247; x_wconf 90' lang='lat' dir='ltr'>et</span> <span class='ocrx_word' id='word_1_214' title='bbox 679 3185 779 3247; x_wconf 91' lang='lat' dir='ltr'>iidem</span> <span class='ocrx_word' id='word_1_215' title='bbox 795 3185 936 3265; x_wconf 79' lang='lat' dir='ltr'>detege.</span> 
     </span>
    </p>
   </div>
   <div class='ocr_carea' id='block_1_12' title="bbox 256 3316 1754 3477">
    <p class='ocr_par' dir='ltr' id='par_1_12' title="bbox 256 3316 1754 3477">
     <span class='ocr_line' id='line_1_23' title="bbox 256 3316 1754 3469; baseline 0.003 -90"><span class='ocrx_word' id='word_1_216' title='bbox 256 3316 457 3467; x_wconf 58' lang='lat' dir='ltr'>fitAbbas&#39;de</span> <span class='ocrx_word' id='word_1_217' title='bbox 472 3318 629 3469; x_wconf 55' lang='lat' dir='ltr'>{temesey</span> <span class='ocrx_word' id='word_1_218' title='bbox 645 3326 734 3385; x_wconf 89' lang='lat' dir='ltr'>tenet</span> <span class='ocrx_word' id='word_1_219' title='bbox 753 3322 967 3385; x_wconf 87' lang='lat' dir='ltr'>medietatem</span> <span class='ocrx_word' id='word_1_220' title='bbox 982 3323 1060 3386; x_wconf 89' lang='lat' dir='ltr'>ville</span> <span class='ocrx_word' id='word_1_221' title='bbox 1084 3323 1125 3386; x_wconf 92' lang='lat' dir='ltr'>de</span> <span class='ocrx_word' id='word_1_222' title='bbox 1152 3324 1366 3390; x_wconf 76' lang='lat' dir='ltr'>Bnunnwnnn</span> <span class='ocrx_word' id='word_1_223' title='bbox 1390 3323 1431 3385; x_wconf 90' lang='lat' dir='ltr'>de</span> <span class='ocrx_word' id='word_1_224' title='bbox 1457 3342 1532 3404; x_wconf 86' lang='lat' dir='ltr'>rege</span> <span class='ocrx_word' id='word_1_225' title='bbox 1548 3323 1600 3387; x_wconf 89' lang='lat' dir='ltr'>i.c.</span> <span class='ocrx_word' id='word_1_226' title='bbox 1619 3322 1754 3385; x_wconf 89' lang='lat' dir='ltr'>sednon</span> 
     </span>
     <span class='ocr_line' id='line_1_24' title="bbox 309 3424 517 3477; baseline 0.01 -10"><span class='ocrx_word' id='word_1_227' title='bbox 309 3424 438 3469; x_wconf 84' lang='lat' dir='ltr'>mencio</span> <span class='ocrx_word' id='word_1_228' title='bbox 454 3426 472 3469; x_wconf 94' lang='lat' dir='ltr'>e</span> <span class='ocrx_word' id='word_1_229' title='bbox 490 3429 517 3477; x_wconf 84' lang='lat' dir='ltr'>c.</span> 
     </span>
    </p>
   </div>
   <div class='ocr_carea' id='block_1_13' title="bbox 254 3541 1757 3711">
    <p class='ocr_par' dir='ltr' id='par_1_13' title="bbox 254 3541 1757 3711">
     <span class='ocr_line' id='line_1_25' title="bbox 298 3541 1757 3629; baseline 0.001 -21"><span class='ocrx_word' id='word_1_230' title='bbox 298 3541 675 3629; x_wconf 55' lang='lat' dir='ltr'>(intueremur-Hom</span> <span class='ocrx_word' id='word_1_231' title='bbox 701 3545 895 3629; x_wconf 85' lang='lat' dir='ltr'>Daundelyn</span> <span class='ocrx_word' id='word_1_232' title='bbox 922 3554 1014 3610; x_wconf 86' lang='lat' dir='ltr'>tenet</span> <span class='ocrx_word' id='word_1_233' title='bbox 1039 3548 1085 3611; x_wconf 90' lang='lat' dir='ltr'>di.</span> <span class='ocrx_word' id='word_1_234' title='bbox 1109 3547 1132 3611; x_wconf 88' lang='lat' dir='ltr'>f.</span> <span class='ocrx_word' id='word_1_235' title='bbox 1156 3569 1201 3612; x_wconf 90' lang='lat' dir='ltr'>m.</span> <span class='ocrx_word' id='word_1_236' title='bbox 1229 3550 1265 3609; x_wconf 91' lang='lat' dir='ltr'>in</span> <span class='ocrx_word' id='word_1_237' title='bbox 1292 3547 1372 3610; x_wconf 85' lang='lat' dir='ltr'>ville</span> <span class='ocrx_word' id='word_1_238' title='bbox 1401 3547 1440 3609; x_wconf 92' lang='lat' dir='ltr'>de</span> <span class='ocrx_word' id='word_1_239' title='bbox 1471 3548 1692 3613; x_wconf 71' lang='lat' dir='ltr'>Oninnnronn</span> <span class='ocrx_word' id='word_1_240' title='bbox 1716 3548 1757 3610; x_wconf 90' lang='lat' dir='ltr'>de</span> 
     </span>
     <span class='ocr_line' id='line_1_26' title="bbox 254 3626 1099 3711; baseline 0.012 -22"><span class='ocrx_word' id='word_1_241' title='bbox 254 3626 402 3692; x_wconf 82' lang='lat' dir='ltr'>Johanne</span> <span class='ocrx_word' id='word_1_242' title='bbox 416 3630 486 3693; x_wconf 88' lang='lat' dir='ltr'>filio</span> <span class='ocrx_word' id='word_1_243' title='bbox 501 3631 673 3711; x_wconf 82' lang='lat' dir='ltr'>Gnidonis,</span> <span class='ocrx_word' id='word_1_244' title='bbox 689 3633 744 3695; x_wconf 85' lang='lat' dir='ltr'>sed</span> <span class='ocrx_word' id='word_1_245' title='bbox 761 3654 825 3695; x_wconf 91' lang='lat' dir='ltr'>non</span> <span class='ocrx_word' id='word_1_246' title='bbox 841 3636 880 3696; x_wconf 82' lang='lat' dir='ltr'>fit</span> <span class='ocrx_word' id='word_1_247' title='bbox 894 3637 1020 3697; x_wconf 88' lang='lat' dir='ltr'>mencio</span> <span class='ocrx_word' id='word_1_248' title='bbox 1036 3646 1099 3700; x_wconf 90' lang='lat' dir='ltr'>ctc.</span> 
     </span>
    </p>
   </div>
   <div class='ocr_carea' id='block_1_14' title="bbox 137 3741 1756 3922">
    <p class='ocr_par' dir='ltr' id='par_1_14' title="bbox 137 3741 1756 3922">
     <span class='ocr_line' id='line_1_27' title="bbox 137 3741 1756 3919; baseline 0.005 -92"><span class='ocrx_word' id='word_1_249' title='bbox 137 3741 145 3751; x_wconf 46' lang='grc'><strong>’</strong></span> <span class='ocrx_word' id='word_1_250' title='bbox 241 3818 258 3867; x_wconf 56' lang='lat'><em>3</em></span> <span class='ocrx_word' id='word_1_251' title='bbox 300 3767 492 3919; x_wconf 45' lang='lat' dir='ltr'>Wissielmus,</span> <span class='ocrx_word' id='word_1_252' title='bbox 508 3770 595 3833; x_wconf 83' lang='lat' dir='ltr'>filius</span> <span class='ocrx_word' id='word_1_253' title='bbox 610 3770 753 3850; x_wconf 75' lang='lat' dir='ltr'>Recole,</span> <span class='ocrx_word' id='word_1_254' title='bbox 769 3778 860 3835; x_wconf 90' lang='lat' dir='ltr'>tenet</span> <span class='ocrx_word' id='word_1_255' title='bbox 884 3772 929 3837; x_wconf 90' lang='lat' dir='ltr'>di.</span> <span class='ocrx_word' id='word_1_256' title='bbox 946 3773 968 3837; x_wconf 85' lang='lat' dir='ltr'>f.</span> <span class='ocrx_word' id='word_1_257' title='bbox 987 3774 1020 3836; x_wconf 88' lang='lat' dir='ltr'>in</span> <span class='ocrx_word' id='word_1_258' title='bbox 1038 3774 1152 3836; x_wconf 88' lang='lat' dir='ltr'>eadem</span> <span class='ocrx_word' id='word_1_259' title='bbox 1171 3773 1248 3835; x_wconf 82' lang='lat' dir='ltr'>ville</span> <span class='ocrx_word' id='word_1_260' title='bbox 1262 3773 1302 3835; x_wconf 91' lang='lat' dir='ltr'>de</span> <span class='ocrx_word' id='word_1_261' title='bbox 1318 3770 1467 3837; x_wconf 82' lang='lat' dir='ltr'>Johenne</span> <span class='ocrx_word' id='word_1_262' title='bbox 1483 3771 1523 3833; x_wconf 88' lang='lat' dir='ltr'>de</span> <span class='ocrx_word' id='word_1_263' title='bbox 1540 3770 1683 3850; x_wconf 84' lang='lat' dir='ltr'>Verdun,</span> <span class='ocrx_word' id='word_1_264' title='bbox 1699 3772 1756 3835; x_wconf 90' lang='lat' dir='ltr'>eed</span> 
     </span>
     <span class='ocr_line' id='line_1_28' title="bbox 255 3873 400 3922; baseline 0.034 -6"><span class='ocrx_word' id='word_1_265' title='bbox 255 3873 351 3918; x_wconf 91' lang='lat' dir='ltr'>none</span> <span class='ocrx_word' id='word_1_266' title='bbox 370 3878 400 3922; x_wconf 88' lang='lat' dir='ltr'>c.</span> 
     </span>
    </p>
   </div>
   <div class='ocr_carea' id='block_1_15' title="bbox 255 3990 1756 4166">
    <p class='ocr_par' dir='ltr' id='par_1_15' title="bbox 255 3990 1756 4166">
     <span class='ocr_line' id='line_1_29' title="bbox 296 3990 1756 4083; baseline 0.003 -28"><span class='ocrx_word' id='word_1_267' title='bbox 296 3990 454 4057; x_wconf 84' lang='lat' dir='ltr'>Robertue</span> <span class='ocrx_word' id='word_1_268' title='bbox 480 3994 521 4057; x_wconf 90' lang='lat' dir='ltr'>de</span> <span class='ocrx_word' id='word_1_269' title='bbox 547 3993 668 4058; x_wconf 86' lang='lat' dir='ltr'>Gureon</span> <span class='ocrx_word' id='word_1_270' title='bbox 695 4002 786 4058; x_wconf 88' lang='lat' dir='ltr'>tenet</span> <span class='ocrx_word' id='word_1_271' title='bbox 810 3997 846 4082; x_wconf 86' lang='lat' dir='ltr'>ij.</span> <span class='ocrx_word' id='word_1_272' title='bbox 865 4006 969 4080; x_wconf 79' lang='lat' dir='ltr'>partes</span> <span class='ocrx_word' id='word_1_273' title='bbox 993 3999 1028 4083; x_wconf 88' lang='lat' dir='ltr'>ij.</span> <span class='ocrx_word' id='word_1_274' title='bbox 1047 3998 1196 4059; x_wconf 86' lang='lat' dir='ltr'>hidarum</span> <span class='ocrx_word' id='word_1_275' title='bbox 1223 4003 1306 4060; x_wconf 89' lang='lat' dir='ltr'>terre</span> <span class='ocrx_word' id='word_1_276' title='bbox 1333 3997 1374 4060; x_wconf 89' lang='lat' dir='ltr'>de</span> <span class='ocrx_word' id='word_1_277' title='bbox 1402 3996 1539 4060; x_wconf 83' lang='lat' dir='ltr'>Ricardo</span> <span class='ocrx_word' id='word_1_278' title='bbox 1561 3995 1683 4060; x_wconf 86' lang='lat' dir='ltr'>Cureon</span> <span class='ocrx_word' id='word_1_279' title='bbox 1699 4019 1756 4079; x_wconf 88' lang='lat' dir='ltr'>per</span> 
     </span>
     <span class='ocr_line' id='line_1_30' title="bbox 255 4081 1021 4166; baseline 0.012 -26"><span class='ocrx_word' id='word_1_280' title='bbox 255 4081 428 4144; x_wconf 87' lang='lat' dir='ltr'>servicium</span> <span class='ocrx_word' id='word_1_281' title='bbox 444 4082 541 4144; x_wconf 86' lang='lat' dir='ltr'>unius</span> <span class='ocrx_word' id='word_1_282' title='bbox 554 4082 637 4146; x_wconf 88' lang='lat' dir='ltr'>libre</span> <span class='ocrx_word' id='word_1_283' title='bbox 653 4085 788 4166; x_wconf 90' lang='lat' dir='ltr'>piperis,</span> <span class='ocrx_word' id='word_1_284' title='bbox 803 4085 859 4147; x_wconf 84' lang='lat' dir='ltr'>sed</span> <span class='ocrx_word' id='word_1_285' title='bbox 876 4105 940 4147; x_wconf 92' lang='lat' dir='ltr'>non</span> <span class='ocrx_word' id='word_1_286' title='bbox 958 4092 1021 4149; x_wconf 90' lang='lat' dir='ltr'>etc.</span> 
     </span>
    </p>
   </div>
   <div class='ocr_carea' id='block_1_16' title="bbox 255 4215 1756 4370">
    <p class='ocr_par' dir='ltr' id='par_1_16' title="bbox 255 4215 1756 4370">
     <span class='ocr_line' id='line_1_31' title="bbox 295 4215 1756 4308; baseline 0.006 -31"><span class='ocrx_word' id='word_1_287' title='bbox 295 4215 460 4282; x_wconf 86' lang='lat' dir='ltr'>Johennee</span> <span class='ocrx_word' id='word_1_288' title='bbox 475 4220 516 4282; x_wconf 93' lang='lat' dir='ltr'>de</span> <span class='ocrx_word' id='word_1_289' title='bbox 532 4220 679 4303; x_wconf 88' lang='lat' dir='ltr'>Kirkeby</span> <span class='ocrx_word' id='word_1_290' title='bbox 694 4227 788 4284; x_wconf 85' lang='lat' dir='ltr'>tenet</span> <span class='ocrx_word' id='word_1_291' title='bbox 803 4224 836 4283; x_wconf 89' lang='lat' dir='ltr'>in</span> <span class='ocrx_word' id='word_1_292' title='bbox 854 4222 1053 4289; x_wconf 76' lang='lat' dir='ltr'>Onnunnonn</span> <span class='ocrx_word' id='word_1_293' title='bbox 1068 4225 1206 4285; x_wconf 74' lang='lat' dir='ltr'>tercium</span> <span class='ocrx_word' id='word_1_294' title='bbox 1224 4227 1351 4306; x_wconf 78' lang='lat' dir='ltr'>portem</span> <span class='ocrx_word' id='word_1_295' title='bbox 1368 4221 1404 4308; x_wconf 80' lang='lat' dir='ltr'>ij.</span> <span class='ocrx_word' id='word_1_296' title='bbox 1420 4220 1572 4285; x_wconf 84' lang='lat' dir='ltr'>hidarum</span> <span class='ocrx_word' id='word_1_297' title='bbox 1588 4228 1686 4301; x_wconf 85' lang='lat' dir='ltr'>terre,</span> <span class='ocrx_word' id='word_1_298' title='bbox 1701 4224 1756 4286; x_wconf 86' lang='lat' dir='ltr'>sed</span> 
     </span>
     <span class='ocr_line' id='line_1_32' title="bbox 255 4319 394 4370; baseline 0.043 -6"><span class='ocrx_word' id='word_1_299' title='bbox 255 4322 318 4365; x_wconf 91' lang='lat' dir='ltr'>non</span> <span class='ocrx_word' id='word_1_300' title='bbox 333 4319 394 4370; x_wconf 88' lang='lat' dir='ltr'>etc.</span> 
     </span>
    </p>
   </div>
   <div class='ocr_carea' id='block_1_17' title="bbox 257 4432 1754 4589">
    <p class='ocr_par' dir='ltr' id='par_1_17' title="bbox 257 4432 1754 4589">
     <span class='ocr_line' id='line_1_33' title="bbox 294 4432 1754 4585; baseline 0 -88"><span class='ocrx_word' id='word_1_301' title='bbox 294 4432 462 4585; x_wconf 62' lang='lat' dir='ltr'>gehennoe</span> <span class='ocrx_word' id='word_1_302' title='bbox 488 4436 629 4500; x_wconf 85' lang='lat' dir='ltr'>Deverus</span> <span class='ocrx_word' id='word_1_303' title='bbox 653 4442 745 4501; x_wconf 87' lang='lat' dir='ltr'>tenet</span> <span class='ocrx_word' id='word_1_304' title='bbox 759 4440 794 4501; x_wconf 94' lang='lat' dir='ltr'>in</span> <span class='ocrx_word' id='word_1_305' title='bbox 810 4436 922 4501; x_wconf 87' lang='lat' dir='ltr'>cedem</span> <span class='ocrx_word' id='word_1_306' title='bbox 940 4458 1039 4500; x_wconf 87' lang='lat' dir='ltr'>unam</span> <span class='ocrx_word' id='word_1_307' title='bbox 1055 4437 1166 4501; x_wconf 87' lang='lat' dir='ltr'>hidem</span> <span class='ocrx_word' id='word_1_308' title='bbox 1181 4447 1265 4503; x_wconf 89' lang='lat' dir='ltr'>terre</span> <span class='ocrx_word' id='word_1_309' title='bbox 1280 4438 1321 4499; x_wconf 89' lang='lat' dir='ltr'>de</span> <span class='ocrx_word' id='word_1_310' title='bbox 1338 4436 1504 4499; x_wconf 85' lang='lat' dir='ltr'>Gerraudo</span> <span class='ocrx_word' id='word_1_311' title='bbox 1519 4437 1560 4499; x_wconf 89' lang='lat' dir='ltr'>dc</span> <span class='ocrx_word' id='word_1_312' title='bbox 1575 4434 1754 4514; x_wconf 83' lang='lat' dir='ltr'>Furnivell,</span> 
     </span>
     <span class='ocr_line' id='line_1_34' title="bbox 257 4530 473 4589; baseline 0.014 -5"><span class='ocrx_word' id='word_1_313' title='bbox 257 4542 290 4585; x_wconf 88' lang='lat' dir='ltr'>se</span> <span class='ocrx_word' id='word_1_314' title='bbox 329 4543 392 4585; x_wconf 92' lang='lat' dir='ltr'>non</span> <span class='ocrx_word' id='word_1_315' title='bbox 408 4530 473 4589; x_wconf 91' lang='lat' dir='ltr'>etc.</span> 
     </span>
    </p>
   </div>
   <div class='ocr_carea' id='block_1_18' title="bbox 255 4641 1760 4881">
    <p class='ocr_par' dir='ltr' id='par_1_18' title="bbox 255 4641 1760 4881">
     <span class='ocr_line' id='line_1_35' title="bbox 297 4641 1756 4729; baseline -0.001 -22"><span class='ocrx_word' id='word_1_316' title='bbox 297 4641 657 4708; x_wconf 72' lang='lat' dir='ltr'>Sunion-Redulfns</span> <span class='ocrx_word' id='word_1_317' title='bbox 681 4644 908 4709; x_wconf 82' lang='lat' dir='ltr'>Leukenouere</span> <span class='ocrx_word' id='word_1_318' title='bbox 931 4651 1024 4708; x_wconf 88' lang='lat' dir='ltr'>tenet</span> <span class='ocrx_word' id='word_1_319' title='bbox 1047 4645 1211 4729; x_wconf 83' lang='lat' dir='ltr'>quandem</span> <span class='ocrx_word' id='word_1_320' title='bbox 1234 4653 1361 4727; x_wconf 87' lang='lat' dir='ltr'>partem</span> <span class='ocrx_word' id='word_1_321' title='bbox 1385 4643 1462 4706; x_wconf 86' lang='lat' dir='ltr'>ville</span> <span class='ocrx_word' id='word_1_322' title='bbox 1485 4643 1526 4706; x_wconf 90' lang='lat' dir='ltr'>de</span> <span class='ocrx_word' id='word_1_323' title='bbox 1551 4642 1692 4710; x_wconf 73' lang='lat' dir='ltr'>Smenos</span> <span class='ocrx_word' id='word_1_324' title='bbox 1715 4643 1756 4705; x_wconf 93' lang='lat' dir='ltr'>de</span> 
     </span>
     <span class='ocr_line' id='line_1_36' title="bbox 255 4728 1760 4881; baseline 0.001 -90"><span class='ocrx_word' id='word_1_325' title='bbox 255 4728 391 4880; x_wconf 53' lang='grc' dir='ltr'>ξθὶἕαζὲἰὲ</span> <span class='ocrx_word' id='word_1_326' title='bbox 406 4730 623 4881; x_wconf 49' lang='lat' dir='ltr'>decharneck,</span> <span class='ocrx_word' id='word_1_327' title='bbox 638 4739 671 4795; x_wconf 88' lang='lat' dir='ltr'>et</span> <span class='ocrx_word' id='word_1_328' title='bbox 687 4733 776 4795; x_wconf 88' lang='lat' dir='ltr'>idern</span> <span class='ocrx_word' id='word_1_329' title='bbox 793 4734 953 4797; x_wconf 79' lang='lat' dir='ltr'>Ricardus</span> <span class='ocrx_word' id='word_1_330' title='bbox 967 4733 1008 4796; x_wconf 93' lang='lat' dir='ltr'>de</span> <span class='ocrx_word' id='word_1_331' title='bbox 1024 4735 1144 4798; x_wconf 82' lang='lat' dir='ltr'>abbate</span> <span class='ocrx_word' id='word_1_332' title='bbox 1160 4733 1200 4794; x_wconf 85' lang='lat' dir='ltr'>de</span> <span class='ocrx_word' id='word_1_333' title='bbox 1216 4732 1335 4816; x_wconf 88' lang='lat' dir='ltr'>Burg0,</span> <span class='ocrx_word' id='word_1_334' title='bbox 1350 4738 1382 4795; x_wconf 91' lang='lat' dir='ltr'>et</span> <span class='ocrx_word' id='word_1_335' title='bbox 1400 4733 1487 4794; x_wconf 90' lang='lat' dir='ltr'>idem</span> <span class='ocrx_word' id='word_1_336' title='bbox 1503 4730 1601 4793; x_wconf 83' lang='lat' dir='ltr'>abbas</span> <span class='ocrx_word' id='word_1_337' title='bbox 1616 4732 1656 4793; x_wconf 90' lang='lat' dir='ltr'>de</span> <span class='ocrx_word' id='word_1_338' title='bbox 1672 4751 1760 4814; x_wconf 83' lang='lat' dir='ltr'>rege,</span> 
     </span>
    </p>
   </div>
   <div class='ocr_carea' id='block_1_19' title="bbox 750 5006 1268 5075">
    <p class='ocr_par' dir='ltr' id='par_1_19' title="bbox 750 5006 1268 5075">
     <span class='ocr_line' id='line_1_37' title="bbox 750 5006 1268 5075; baseline 0.002 -4"><span class='ocrx_word' id='word_1_339' title='bbox 750 5007 970 5073; x_wconf 80' lang='lat' dir='ltr'>Husnennnn</span> <span class='ocrx_word' id='word_1_340' title='bbox 994 5029 1037 5072; x_wconf 81' lang='lat' dir='ltr'>ne</span> <span class='ocrx_word' id='word_1_341' title='bbox 1061 5006 1268 5075; x_wconf 84' lang='lat' dir='ltr'><strong>HEOHAM.</strong></span> 
     </span>
    </p>
   </div>
   <div class='ocr_carea' id='block_1_20' title="bbox 254 5136 1757 5295">
    <p class='ocr_par' dir='ltr' id='par_1_20' title="bbox 254 5136 1757 5295">
     <span class='ocr_line' id='line_1_38' title="bbox 296 5136 1757 5225; baseline -0.004 -21"><span class='ocrx_word' id='word_1_342' title='bbox 296 5137 704 5218; x_wconf 72' lang='lat' dir='ltr'>Hnonnu-Edmundus,</span> <span class='ocrx_word' id='word_1_343' title='bbox 719 5138 819 5203; x_wconf 84' lang='lat' dir='ltr'>frater</span> <span class='ocrx_word' id='word_1_344' title='bbox 843 5141 968 5203; x_wconf 89' lang='lat' dir='ltr'>domini</span> <span class='ocrx_word' id='word_1_345' title='bbox 992 5142 1090 5225; x_wconf 80' lang='lat' dir='ltr'>regis,</span> <span class='ocrx_word' id='word_1_346' title='bbox 1105 5148 1200 5204; x_wconf 90' lang='lat' dir='ltr'>tenet</span> <span class='ocrx_word' id='word_1_347' title='bbox 1225 5142 1371 5206; x_wconf 70' lang='lat' dir='ltr'>Hnonen</span> <span class='ocrx_word' id='word_1_348' title='bbox 1398 5159 1455 5222; x_wconf 90' lang='lat' dir='ltr'>pro</span> <span class='ocrx_word' id='word_1_349' title='bbox 1482 5137 1575 5202; x_wconf 85' lang='lat' dir='ltr'>ieodo</span> <span class='ocrx_word' id='word_1_350' title='bbox 1599 5137 1623 5221; x_wconf 83' lang='lat' dir='ltr'>j.</span> <span class='ocrx_word' id='word_1_351' title='bbox 1640 5136 1757 5201; x_wconf 81' lang='lat' dir='ltr'>moed</span> 
     </span>
     <span class='ocr_line' id='line_1_39' title="bbox 254 5243 394 5295; baseline 0.064 -9"><span class='ocrx_word' id='word_1_352' title='bbox 254 5245 314 5289; x_wconf 91' lang='lat' dir='ltr'>non</span> <span class='ocrx_word' id='word_1_353' title='bbox 330 5243 394 5295; x_wconf 81' lang='lat' dir='ltr'>etc.</span> 
     </span>
    </p>
   </div>
   <div class='ocr_carea' id='block_1_21' title="bbox 251 5346 1751 5527">
    <p class='ocr_par' dir='ltr' id='par_1_21' title="bbox 251 5346 1751 5527">
     <span class='ocr_line' id='line_1_40' title="bbox 293 5346 1751 5440; baseline -0.005 -20"><span class='ocrx_word' id='word_1_354' title='bbox 293 5350 491 5440; x_wconf 76' lang='lat' dir='ltr'>Reunn[ns]</span> <span class='ocrx_word' id='word_1_355' title='bbox 501 5352 714 5419; x_wconf 83' lang='lat' dir='ltr'>.-Ricerdus</span> <span class='ocrx_word' id='word_1_356' title='bbox 730 5354 770 5416; x_wconf 92' lang='lat' dir='ltr'>de</span> <span class='ocrx_word' id='word_1_357' title='bbox 785 5353 936 5418; x_wconf 86' lang='lat' dir='ltr'>Reundes</span> <span class='ocrx_word' id='word_1_358' title='bbox 951 5360 1046 5419; x_wconf 88' lang='lat' dir='ltr'>tenet</span> <span class='ocrx_word' id='word_1_359' title='bbox 1058 5361 1208 5438; x_wconf 84' lang='lat' dir='ltr'>quartem</span> <span class='ocrx_word' id='word_1_360' title='bbox 1223 5363 1349 5438; x_wconf 84' lang='lat' dir='ltr'>partem</span> <span class='ocrx_word' id='word_1_361' title='bbox 1360 5353 1388 5435; x_wconf 86' lang='lat' dir='ltr'>j.</span> <span class='ocrx_word' id='word_1_362' title='bbox 1404 5353 1427 5417; x_wconf 87' lang='lat' dir='ltr'>f.</span> <span class='ocrx_word' id='word_1_363' title='bbox 1442 5374 1488 5416; x_wconf 89' lang='lat' dir='ltr'>m.</span> <span class='ocrx_word' id='word_1_364' title='bbox 1502 5353 1537 5414; x_wconf 92' lang='lat' dir='ltr'>in</span> <span class='ocrx_word' id='word_1_365' title='bbox 1553 5346 1751 5433; x_wconf 77' lang='lat' dir='ltr'>Rnunn[ns]</span> 
     </span>
     <span class='ocr_line' id='line_1_41' title="bbox 251 5438 1212 5527; baseline 0.004 -27"><span class='ocrx_word' id='word_1_366' title='bbox 251 5438 288 5503; x_wconf 88' lang='lat' dir='ltr'>de</span> <span class='ocrx_word' id='word_1_367' title='bbox 303 5442 493 5520; x_wconf 85' lang='lat' dir='ltr'>Edmundo,</span> <span class='ocrx_word' id='word_1_368' title='bbox 510 5441 611 5504; x_wconf 77' lang='lat' dir='ltr'>fratre</span> <span class='ocrx_word' id='word_1_369' title='bbox 628 5442 727 5524; x_wconf 82' lang='lat' dir='ltr'>regie,</span> <span class='ocrx_word' id='word_1_370' title='bbox 743 5446 778 5505; x_wconf 90' lang='lat' dir='ltr'>et</span> <span class='ocrx_word' id='word_1_371' title='bbox 792 5442 879 5505; x_wconf 90' lang='lat' dir='ltr'>idem</span> <span class='ocrx_word' id='word_1_372' title='bbox 894 5462 1000 5507; x_wconf 85' lang='lat' dir='ltr'>comes</span> <span class='ocrx_word' id='word_1_373' title='bbox 1016 5445 1055 5506; x_wconf 90' lang='lat' dir='ltr'>de</span> <span class='ocrx_word' id='word_1_374' title='bbox 1070 5464 1144 5527; x_wconf 87' lang='lat' dir='ltr'>rege</span> <span class='ocrx_word' id='word_1_375' title='bbox 1159 5444 1212 5507; x_wconf 90' lang='lat' dir='ltr'>i.c.</span> 
     </span>
    </p>
   </div>
   <div class='ocr_carea' id='block_1_22' title="bbox 0 0 2071 6209">
    <p class='ocr_par' dir='ltr' id='par_1_22' title="bbox 0 0 2071 6209">
     <span class='ocr_line' id='line_1_42' title="bbox 0 0 2071 6209; baseline 0 0"><span class='ocrx_word' id='word_1_376' title='bbox 0 0 2071 6209; x_wconf 95' lang='lat' dir='ltr'> </span> 
     </span>
    </p>
   </div>
  </div>
 </body>
</html>
